2746 4884
416 355 601 423 LUCANI
636 351 956 423 PHARSALIAE

168 528 289 584 cuncta
310 522 384 586 sinu
409 521 577 605 finemque
599 523 650 585 sui
673 522 736 587 sibi
760 541 899 605 corpora
921 520 1056 584 debent

167 624 238 702 hos,
261 623 393 700 Caesar,
415 625 558 708 populos
581 626 608 687 si
631 645 720 688 nunc
744 644 810 688 non
834 624 955 688 usserit
978 623 1073 706 ignis,

168 738 241 792 uret
263 749 338 792 cum
362 730 466 806 terris,
489 739 562 793 uret
584 750 661 793 cum
684 729 816 812 gurgite
837 729 941 811 ponti.

168 834 354 896 communis
377 834 504 897 mundo
526 843 679 916 superest
702 853 802 915 rogus
824 832 957 896 ossibus
980 841 1073 896 astra

169 937 343 1000 mixturus
389 958 602 1020 quocumque
624 945 718 1000 tuam
743 937 893 1000 Fortuna
915 935 1060 1012 uocabit,
1134 936 1181 1013 815

169 1041 233 1104 hae
255 1062 390 1126 quoque
412 1052 494 1106 eunt
516 1043 656 1106 animae.
703 1062 770 1105 non
794 1041 895 1105 altius
918 1040 982 1104 ibis
1005 1041 1040 1104 in
1063 1059 1159 1112 auras,

170 1166 237 1209 non
261 1147 397 1210 meliore
420 1145 495 1210 loco
520 1147 642 1229 Stygia
664 1148 728 1211 sub
751 1154 850 1209 nocte
873 1146 1007 1209 iacebis.

170 1249 274 1315 libera
298 1250 466 1315 Fortunae
490 1273 579 1315 mors
602 1262 670 1315 est:
700 1250 790 1333 capit
812 1250 927 1314 omnia
951 1248 1052 1314 tellus

171 1375 256 1439 quae
279 1356 413 1437 genuit:
443 1356 537 1420 caelo
560 1357 685 1440 tegitur
707 1355 764 1438 qui
787 1375 855 1418 non
879 1353 984 1418 habet
1006 1370 1128 1416 urnam

170 1468 217 1533 tu,
241 1459 293 1521 cui
316 1459 399 1522 dant
422 1479 548 1541 poenas
572 1458 747 1522 inhumato
769 1456 885 1521 sunere
907 1466 1036 1540 gentes,
1136 1453 1185 1516 820

170 1563 251 1646 quid
275 1562 362 1646 fugis
383 1561 470 1626 hanc
493 1562 648 1627 cladem?
677 1562 758 1645 quid
782 1560 906 1624 olentis
928 1560 1056 1625 deseris
1078 1554 1179 1641 agros?

170 1666 231 1729 has
254 1666 357 1743 trahe,
381 1665 513 1743 Caesar,
536 1686 658 1748 aquas:
688 1665 762 1741 hoc,
784 1665 812 1728 si
836 1673 943 1746 potes,
966 1674 1061 1728 utere
1081 1659 1170 1726 caelo.

170 1770 230 1833 sed
252 1771 312 1833 tibi
337 1770 492 1834 tabentes
514 1769 631 1854 populi
655 1767 847 1833 Pharsalica
869 1788 947 1831 rura

170 1876 314 1958 eripiunt
337 1895 542 1960 camposque
564 1883 681 1939 tenent
704 1875 834 1938 uictore
856 1872 981 1957 fugato

215 1999 282 2042 non
305 1979 415 2043 solum
440 1979 622 2042 Haemonii
644 1978 778 2041 funesta
800 1976 843 2040 ad
866 1975 994 2059 pabula
1015 1973 1093 2039 belli
1135 1972 1182 2049 825

173 2084 315 2148 Bistonii
339 2105 460 2148 uenere
482 2084 561 2168 lupi,
585 2084 766 2167 tabemque
788 2090 946 2146 cruentae

173 2189 284 2252 caedis
307 2188 437 2250 odorati
462 2187 610 2250 Pholoen
634 2187 759 2270 liquere
782 2185 903 2249 leones.

173 2275 260 2355 tunc'
276 2292 342 2354 ursi
366 2290 520 2367 latebras,
544 2290 680 2354 obsceni
702 2299 792 2384 tecta
813 2289 1001 2371 domosque

174 2398 347 2460 deseruere
370 2417 479 2472 canes,
501 2405 535 2459 et
559 2395 723 2478 quidquid
747 2414 826 2457 nare
848 2394 961 2477 sagaci

174 2521 251 2564 aera
273 2520 341 2563 non
363 2520 484 2563 sanum
508 2510 705 2582 motumque
728 2499 891 2562 cadauere
914 2497 1026 2560 sensit
1136 2493 1186 2571 830

175 2607 308 2688 iamque
329 2606 388 2668 diu
411 2604 562 2669 uolucres
585 2604 695 2668 ciuilia
716 2614 827 2668 castra
849 2613 984 2667 secutae

175 2709 385 2772 conueniunt.
431 2730 501 2782 uos,
525 2730 612 2792 quae
635 2707 715 2772 Nilo
739 2717 868 2772 mutare
891 2707 1007 2771 soletis

176 2813 346 2877 Threicias
369 2814 505 2892 hiemes,
528 2814 572 2878 ad
597 2813 733 2877 mollem
757 2814 862 2877 serius
884 2812 1051 2876 Austrum

122 3028 178 3076 811.
204 3026 333 3110 finemque
343 3025 395 3087 sm]
411 3030 477 3074 ‘owe
485 3033 513 3074 to
523 3025 673 3074 themselves
710 3023 789 3072 world
797 3019 822 3069 '’.
1187 3079 1190 3088 Ι

89 3092 153 3141 their
164 3107 221 3139 own
232 3091 280 3139 end
296 3091 354 3147 ‚i.e.
367 3091 491 3154 naturally
501 3091 587 3154 decay.
743 3088 806 3136 caelo
832 3086 937 3151 tegitur]
972 3086 1096 3150 Compare
1121 3082 1158 3132 the
1178 3079 1229 3128 tw

122 3160 177 3219 814.
208 3158 353 3218 communis]
374 3156 436 3204 This
448 3172 498 3205 was
510 3157 552 3205 the
561 3155 673 3205 doctrine
712 3154 845 3203 Maecenas
867 3151 961 3216 quoted
984 3152 1018 3215 by
1042 3152 1132 3202 Senem
1151 3147 1229 3212 Ερμῆ

88 3223 116 3271 oi
130 3223 172 3271 the
191 3222 280 3282 Stoics,
299 3222 330 3270 ci.
349 3222 408 3271 Sen.
426 3222 486 3270 dial.
504 3234 533 3271 vl
553 3222 610 3270 xxvi
627 3219 672 3280 §6
712 3217 796 3284 4(92)
816 3220 829 3277 ἐ
850 3233 879 3282 35
904 3234 945 3266 nec
967 3218 1096 3265 tumulum
1116 3229 1178 3269 curm·
1194 3213 1229 3270 881

88 3304 143 3336 cum
154 3295 248 3351 tempus
256 3288 384 3336 aduenm't
391 3303 438 3351 quo
449 3303 472 3335 se
483 3288 594 3336 inundus
604 3302 672 3335 reno·
712 3292 805 3333 natura
817 3284 917 3332 relictos.

89 3362 198 3402 naturus
219 3355 364 3417 exstinguat
385 3353 483 3401 uiribus
506 3354 554 3400 ista
575 3368 599 3400 sc
620 3354 674 3400 suis
745 3352 882 3399 820-822.
918 3348 1001 3398 These
1022 3348 1092 3398 three
1110 3347 1165 3396 lines
1178 3349 1229 3391 m!

89 3420 186 3468 caedent
207 3425 230 3466 et
250 3419 332 3466 sidera
359 3418 480 3467 siden'bus
499 3419 629 3466 incurrent
651 3424 674 3465 et
713 3415 790 3463 found
806 3415 832 3462 in
843 3429 913 3463 some
925 3413 954 3462 os
967 3414 1010 3463 the
1026 3415 1081 3463 best
1094 3403 1229 3476 usundi

88 3485 159 3534 omni
164 3484 296 3549 flagrante
308 3485 412 3531 materie
423 3499 473 3531 uno
484 3484 541 3547 igne
550 3483 676 3547 quidquid
712 3489 757 3529 not
768 3480 927 3529 commented
944 3495 978 3528 on
990 3480 1024 3543 by
1036 3479 1080 3528 the
1091 3476 1203 3529 Scholia
1223 3482 1229 3513 ¹

91 3567 159 3598 nunc
170 3565 200 3598 ex
210 3549 325 3612 disposito
336 3549 398 3597 lucet
408 3549 509 3596 ardebit.
544 3550 583 3597 Id.
596 3549 630 3597 N.
640 3548 672 3609 Q.
712 3547 815 3594 buntaro
829 3545 925 3609 sunm
947 3560 1028 3594 seems
1047 3555 1170 3606 estrange
1185 3544 1229 3599 ψ

93 3628 125 3665 111
142 3615 185 3663 xiii
201 3616 239 3673 §a
256 3615 292 3662 ila
306 3615 373 3677 ignis
388 3616 470 3663 cxr'ius
484 3615 584 3670 mundi,
601 3630 675 3662 umor
712 3613 774 3661 sion.
1227 3661 1229 3681 Ι

87 3680 267 3746 primordium.
745 3679 801 3726 822.
837 3675 919 3736 trahe]
938 3675 1050 3735 ‘drink',
1065 3665 1229 3737 utervbratz

124 3747 180 3809 815.
214 3745 297 3806 tuam]
314 3760 348 3793 sc.
359 3746 481 3793 animam.
745 3746 801 3805 825.
836 3741 986 3802 Haemonii]
1020 3748 1048 3789 to
1075 3741 1106 3790 be
1133 3738 1229 3787 taken!

124 3813 180 3860 818.
214 3810 301 3870 libera]
320 3810 409 3858 ‘death
426 3811 447 3858 is
465 3812 514 3859 sree
531 3810 594 3858 from
614 3811 673 3858 For·
712 3809 775 3866 belli,
791 3816 842 3866 not,
857 3806 981 3855 asWeise
993 3814 1145 3870 punctuates
1158 3795 1229 3916 iffi

91 3876 170 3926 tune's
186 3874 273 3939 sway’,
292 3875 333 3924 te.
355 3876 464 3924 Fortune
482 3877 526 3925 has
541 3891 574 3924 no
589 3891 674 3952 power
746 3875 801 3935 827.
831 3872 948 3933 Pholoen]
966 3870 1161 3921 Amountainin

91 3958 150 3991 over
161 3942 204 3990 the
215 3942 294 3989 dead:
313 3940 351 3988 ior
367 3941 429 3989 liber
444 3941 505 3989 with
520 3942 628 4005 genitive
642 3941 672 3989 cf.
713 3938 755 3987 the
765 3937 910 4002 geography
922 3938 942 3985 is
954 3952 1043 4001 vague.
1225 3986 1229 4001 ,

93 4020 121 4056 1v
134 4010 189 4071 384.
208 4006 283 4071 Verg.
296 4006 360 4055 Aen.
376 4017 394 4053 x
411 4007 608 4071 154l2'berasati.
746 4007 802 4067 830.
836 4002 940 4063 motum]
959 4002 1108 4068 ‘changed'‚
1119 4000 1148 4050 ci.
1158 3991 1229 4050 ouh

124 4075 179 4136 819.
215 4088 279 4135 quae
290 4072 390 4135 genuit]
406 4072 438 4121 cf.
457 4073 548 4121 Aesch.
565 4072 671 4135 choeph.
713 4070 766 4117 vvi
780 4083 875 4132 23—25
895 4084 945 4116 mm
963 4069 1022 4117 adeo
1042 4069 1089 4116 toti
1096 4066 1229 4130 salitum=

90 4135 585 4266 ‡t⁷·0ttiatttittt⁶ssitih“⁶tt
595 4139 673 4266 itti·
713 4134 1229 4263 titttit‘tttttiffw'

92 4268 200 4331 Shelley,
215 4269 295 4330 Quem
306 4268 368 4315 Mai
385 4268 476 4316 “Thus
491 4220 672 4331 ‹iiiatheugene-
746 4234 801 4329 832’.
837 4214 891 4325 αἷς]
919 4280 954 4313 sc.
974 4280 1060 4328 grues,
1085 4251 1228 4315 ‘aeneid

91 4334 184 4381 ratione
202 4332 230 4380 of
244 4333 287 4381 the
301 4332 370 4381 earth
388 4333 429 4381 (ἕο
445 4343 471 4381 to
483 4334 525 4382 the
536 4349 611 4396 grave
623 4334 672 4381 and
714 4344 756 4392 711
778 4331 848 4378 soih:
873 4330 942 4379 these
962 4330 1033 4378 birds
1052 4346 1095 4380 are
1111 4324 1229 4389 wrongiy⁸

91 4399 156 4448 issue
172 4397 235 4446 from
252 4398 295 4446 the
312 4399 404 4454 womb‚
423 4399 556 4462 Surviving
567 4399 617 4447 still
630 4399 672 4447 the
711 4397 790 4461 posed
801 4396 835 4460 by
847 4396 934 4445 Lucan
946 4404 974 4445 to
985 4396 1042 4445 seed
1054 4411 1087 4445 on
1098 4393 1192 4445 carrion

91 4461 267 4527 imperishable
283 4462 379 4527 change
399 4463 466 4513 Thai
485 4473 615 4513 renovates
633 4463 676 4512 the
