2746 4884
387 329 534 394 unum
563 332 605 397 v.
636 334 819 414 775-815·

81 489 248 574 litoraque
271 493 344 575 ipsa
367 501 459 556 tenet
481 494 685 578 tandemque
708 495 801 560 illata
823 497 954 561 carinae
975 505 1035 560 est

82 614 151 657 non
175 595 223 658 sic
245 593 362 659 infelix
385 595 529 679 patriam
552 607 735 682 portusque
758 597 890 683 reliquit

83 697 279 781 Hesperios,
303 699 393 763 saeui
417 709 606 783 premerent
628 721 705 765 cum
729 701 882 768 Caesaris
904 723 1004 769 arma

80 800 152 868 fida
176 823 289 867 comes
312 804 430 889 Magni
454 806 547 871 uadit
570 807 655 870 duce
678 806 749 870 sola
773 805 887 872 relicto

83 907 351 990 Pompeiumque
374 908 468 993 fugit.
513 930 600 995 quae
623 930 694 975 nox
717 912 779 975 sibi
803 912 959 995 proxima
982 912 1074 977 uenit

82 1011 256 1077 insomnis.
302 1013 405 1078 uiduo
428 1022 500 1077 tum
525 1014 669 1097 primurn
693 1015 814 1099 frigida
837 1015 924 1080 lecto
1057 1017 1121 1081 806

82 1125 186 1199 atque
211 1116 342 1182 insueta
362 1118 457 1200 quies
480 1119 537 1182 uni
560 1121 754 1202 nudumque
777 1120 896 1183 marito

83 1242 153 1287 non
176 1222 335 1288 haerente
357 1222 453 1290 latus.
499 1245 619 1290 somno
640 1245 742 1309 quarn
766 1245 868 1309 saepe
889 1232 1030 1309 grauata

83 1327 236 1410 deceptis
260 1348 401 1393 uacuom
427 1331 581 1395 manibus
604 1330 784 1415 complexa
807 1330 916 1395 cubile
938 1339 998 1410 est,

82 1440 187 1515 atque
209 1431 315 1497 oblita
337 1432 438 1516 fugae
461 1434 626 1517 quaesiuit
649 1443 748 1499 nocte
771 1435 938 1498 maritum.
1057 1435 1121 1499 810

83 1554 164 1598 nam
187 1534 324 1600 flamma
346 1537 500 1619 quamuis
522 1539 642 1602 tacitas
666 1547 805 1622 urgente
828 1535 991 1602 medullas

82 1659 152 1704 non
176 1641 269 1705 iuuat
292 1641 325 1704 in
348 1650 422 1705 toto
445 1662 564 1725 corpus
587 1643 710 1706 iactare
733 1641 851 1706 cubili:

81 1753 235 1808 seruatur
255 1765 333 1827 pars
356 1744 414 1809 illa
436 1746 509 1810 tori.
554 1747 699 1810 caruisse
721 1744 864 1810 timebat

84 1846 262 1930 Pompeio:
292 1848 352 1913 sed
374 1868 442 1912 non
465 1850 575 1932 superi
598 1857 669 1914 tarn
693 1849 781 1913 laeta
803 1849 974 1933 parabant

82 1950 232 2016 instabat
254 1952 395 2016 miserae
419 1952 582 2036 Magnum
605 1974 692 2036 quae
716 1954 868 2019 redderet
889 1952 980 2017 hora.
1055 1952 1117 2034 815

33 2154 87 2206 sor.
120 2153 280 2220 can'naeest]
313 2156 472 2206 Weiseisol
481 2155 585 2222 opinion
657 2156 713 2208 806.
738 2154 852 2221 frigida]
886 2153 918 2205 cs.
946 2154 996 2206 Ov.
1023 2154 1130 2206 Heroid.
1156 2168 1208 2206 xrx

33 2228 51 2270 rt
70 2221 114 2271 the
131 2221 201 2270 book
220 2222 301 2272 ended
322 2222 382 2272 with
402 2221 473 2272 these
491 2222 582 2283 words,
622 2221 656 2288 69
666 2239 714 2272 cur
722 2237 763 2286 ego
773 2228 809 2271 tot
819 2221 911 2270 uiduus
921 2221 991 2284 exegi
990 2220 1096 2307 frigida
1106 2222 1200 2272 noctes?

33 2285 47 2334 i
64 2285 121 2335 that
140 2286 184 2336 the
204 2287 345 2336 remainder
363 2289 385 2337 is
401 2288 529 2353 spurious:
545 2288 585 2337 his
656 2290 712 2352 807.
734 2287 843 2349 nudum]
857 2286 983 2337 ‘deserted
1009 2287 1207 2352 ‘unprotected'.

33 2351 78 2400 rds
93 2367 137 2401 are
154 2354 272 2416 ‘arguunt
289 2369 313 2401 v.
331 2355 379 2414 804
397 2353 478 2410 uadit,
495 2370 519 2402 v.
537 2356 583 2415 805
656 2355 712 2418 809.
740 2352 851 2417 deceptis]
862 2352 895 2402 cs.
907 2352 956 2402 Ov.
969 2352 1033 2401 Met.
1045 2363 1075 2401 xl
1088 2350 1144 2415 674,
1158 2352 1206 2416 675

33 2417 51 2477 ι’,
64 2419 114 2480 807
123 2417 229 2481 fn'gida
239 2419 316 2482 quies,
329 2419 421 2468 deinde
438 2418 482 2467 illa
497 2419 585 2483 inepta
622 2418 726 2484 ingemit
735 2420 845 2481 Alcyone
854 2417 991 2466 lacrimans
1000 2424 1123 2482 metatque
1133 2419 1206 2467 lacer·

33 2483 79 2533 811
94 2499 156 2531 nam
162 2483 274 2548 stamma
285 2483 331 2534 dre.
340 2500 391 2533 non
403 2485 479 2533 iuuat
489 2483 542 2545 dre,
556 2492 583 2534 ut
622 2491 657 2533 tos
662 2493 839 2549 personarium,
851 2490 1073 2548 carpmquepaens
1083 2484 1206 2548 amplecti·

33 2548 226 2598 ndubitauerim
239 2556 319 2599 totum
330 2548 396 2600 hunc
410 2550 493 2599 locum
505 2549 583 2600 inclu·
620 2556 667 2598 tur
676 2565 763 2601 auras.

33 2628 64 2669 re,
75 2613 204 2664 adiectum
215 2615 249 2663 ab
265 2614 349 2679 aliquo
366 2615 406 2664 cui
423 2615 497 2665 nimis
514 2615 582 2665 uide·
655 2616 711 2666 811.
754 2630 814 2663 nam
838 2614 951 2680 stamma
983 2613 1113 2678 quamuis]
1146 2613 1205 2665 licet

33 2695 63 2728 ur
73 2680 197 2745 abruptus
208 2679 265 2730 linis
276 2681 303 2730 in
314 2696 387 2730 uersu
399 2683 443 2731 8οι
453 2681 468 2728 ’.
621 2696 706 2730 amore
717 2688 854 2739 uersaretur,
869 2687 954 2729 tamen
969 2694 1020 2728 non
1031 2678 1140 2729 iactabat
1152 2695 1205 2729 cor·

33 2746 86 2808 804.
120 2744 352 2811 wdid‘departs'.
386 2746 471 2796 Weise
487 2745 583 2810 objects
621 2762 668 2811 pus
688 2762 732 2812 per
751 2753 832 2795 totum
852 2753 943 2801 torum,
962 2753 990 2793 ut
1010 2753 1123 2795 amantes
1146 2761 1205 2809 prae

34 2810 85 2859 this
95 2826 140 2861 use
151 2811 182 2860 of
189 2810 233 2860 the
247 2812 327 2872 word,
339 2811 385 2862 but
400 2811 433 2862 cf.
450 2823 492 2861 νιι
510 2827 540 2875 33
555 2818 583 2861 tu
622 2812 736 2863 molestia
746 2826 905 2870 consueuere,
914 2809 958 2860 sed
970 2817 1076 2875 partem
1085 2817 1205 2877 tanquam

33 2877 195 2926 &Ausonia
206 2877 280 2926 uadis
290 2877 546 2926 moa'tursess'nurbe.
621 2877 642 2927 si
661 2877 699 2927 uir
723 2877 829 2933 adesset,
849 2876 964 2926 seruabat
986 2874 1116 2928 intactam..
1149 2877 1204 2929 Sul·

33 2943 84 3006 805.
120 2942 181 3005 η’ὺι]
197 2941 236 2991 for
253 2942 295 2992 illi
310 2959 391 2993 seems
408 2942 581 3003 indefensible,
621 2942 706 3008 pitius.

75 3007 181 3058 hOud.
201 3007 261 3057 tries
280 3016 307 3058 to
325 3008 419 3058 defend
437 3009 466 3057 it.
500 3009 546 3058 tibi
561 3009 583 3058 is
654 3010 711 3071 813.
744 3006 858 3069 caruisse]
871 3011 910 3057 ‘to
920 3006 985 3057 have
995 3005 1045 3056 lost
1055 3005 1094 3056 lor
1103 3005 1182 3058 ever'.

96 3073 123 3122 in
145 3088 215 3123 some
239 3073 327 3135 Mss„
350 3074 401 3124 and
422 3074 519 3137 though
540 3074 584 3124 the
654 3075 711 3136 815.
745 3072 863 3134 instabat]
874 3072 915 3122 ie.
928 3071 1029 3137 recepit,
1043 3072 1204 3124 seduictumt

33 3139 128 3189 nsition
143 3138 164 3188 is
179 3139 279 3205 abrupi,
290 3139 496 3205 thisispossibly
506 3139 582 3205 right,
620 3139 689 3205 quod
700 3139 771 3205 peius
781 3154 858 3204 quam
868 3154 920 3189 non
931 3137 1048 3203 recipere.
1082 3137 1194 3190 Grotius.

33 3213 106 3256 :note
117 3220 152 3255 on
164 3216 199 3255 111
211 3206 268 3255 ι8ι.
685 3236 688 3244 .
