2746 4884
82 328 146 393 226
259 328 443 418 LUCANI
477 327 801 397 PHARSALIAE.
846 330 908 399 Vl.
931 335 1092 414 810—83u

167 511 266 574 quern
289 490 453 556 tumulum
479 490 555 568 Nili,
578 510 678 573 quem
701 491 860 575 Tybridis
883 493 1000 558 abluat
1019 492 1100 569 uudq
1109 492 1147 554 810

167 596 345 678 quaeritur,
367 605 401 658 et
423 593 565 657 ducibus
587 603 721 659 tantum
743 594 786 658 de
809 582 924 660 funere
947 616 1057 680 pugna
1074 603 1115 659 est

167 710 203 765 tu
227 701 332 764 fatum
356 719 397 763 ne
419 719 542 782 quaere
564 709 658 764 tuom
682 720 903 784 cognoscere:
935 704 1053 767 Parcae

167 823 221 866 mc
245 803 402 867 reticente
424 802 572 867 dabunt:
602 803 663 867 tibi
686 805 806 867 certior
827 805 942 869 omnia
965 814 1055 869 uates

168 906 238 988 ipse
261 915 358 969 canet
381 904 500 997 Siculis
522 906 654 989 genitor
677 907 856 990 Pompeius
879 908 913 971 in
937 909 1042 972 aruis:

166 1009 222 1072 ille
243 1029 375 1091 quoque
397 1008 549 1084 incertus,
571 1016 694 1091 quote
716 994 824 1086 u'ocet,
846 1012 936 1074 unde
959 1009 1092 1093 repellat,
1113 1007 1149 1082 815
1196 1078 1198 1091 Ι

167 1134 250 1197 quas
274 1113 385 1176 iubeat
408 1112 514 1176 uitare
536 1111 662 1195 plagas,
685 1133 771 1196 quae
793 1114 903 1178 sidera
925 1115 1049 1179 mundi.

170 1217 348 1301 Europam,
372 1217 490 1295 miseri,
516 1215 727 1300 Libyamque
749 1217 938 1301 Asiamque
958 1219 1086 1283 timete:

166 1323 334 1387 distribuit
356 1322 502 1387 tumulos
524 1324 642 1387 uestris
666 1324 815 1387 Fortuna
837 1324 1026 1407 triumphis.

168 1447 188 1490 o
212 1424 400 1489 miseranda
422 1424 550 1503 domus
575 1434 648 1489 toto
670 1424 751 1489 nihil
774 1426 854 1490 orbe
877 1427 1008 1491 uidebis

169 1531 273 1598 tutius
297 1530 463 1595 Emathia.
508 1531 555 1594 sic
578 1539 757 1614 postquam
780 1530 850 1595 iata
872 1532 1013 1614 peregit,
1117 1525 1156 1588 820

169 1643 236 1698 stat
258 1633 352 1698 uoltu
376 1643 522 1698 maestus
545 1635 648 1699 tacito
672 1643 880 1717 mortemque
903 1635 1053 1718 reposcit

169 1738 369 1802 carminibus
393 1739 530 1821 magicis
553 1759 637 1821 opus
661 1747 712 1802 est
733 1738 911 1820 herbisque
932 1741 1073 1803 cadauer

170 1853 207 1905 ut
229 1843 329 1905 cadat
350 1850 384 1905 et
407 1851 578 1924 nequeunt
599 1842 748 1907 animam
771 1842 833 1905 sibi
857 1843 998 1906 reddere
1019 1841 1083 1905 fata

169 1954 368 2028 consumpto
391 1945 457 2009 iarn
481 1946 550 2009 iure
572 1945 683 2010 semel.
728 1954 800 2010 tum
824 1946 941 2010 robore
965 1944 1068 2010 multo

169 2048 312 2111 exstruit
334 2047 391 2111 illa
413 2068 548 2130 rogum:
578 2050 671 2111 uenit
693 2046 869 2112 defunctus
891 2049 935 2112 ad
960 2049 1069 2131 ignes:
1122 2043 1160 2119 825

170 2173 308 2216 accensa
331 2154 485 2216 iuuenem
509 2154 655 2237 positum
678 2162 768 2217 strue
790 2151 912 2235 linquit
935 2153 1092 2217 Erichtho

169 2258 307 2321 tandem
330 2277 429 2339 passa
453 2258 554 2321 mori:
588 2256 762 2340 Sextoque
784 2257 827 2320 ad
850 2267 961 2321 castra
983 2254 1117 2340 parentis

170 2363 196 2426 it
217 2383 347 2426 comes:
376 2372 410 2426 et
433 2361 525 2425 caelo
548 2362 795 2426 lucisducente
817 2360 972 2439 colorem,

170 2468 250 2530 dum
274 2465 394 2529 ferrent
417 2474 508 2529 tutos
531 2466 616 2529 intra
638 2465 780 2528 tentoria
802 2484 943 2549 gressus,

171 2572 257 2636 iussa
280 2581 392 2636 tenere
414 2572 502 2635 diem
526 2572 647 2634 densas
670 2591 738 2633 nox
761 2570 927 2653 praestitit
951 2570 1092 2634 umbras
1127 2565 1172 2644 830

117 2797 174 2845 810.
207 2795 447 2861 quem1equivaleut
470 2803 497 2844 to
519 2802 614 2850 utrum,
633 2792 664 2844 ci
706 2793 772 2858 quid
785 2799 863 2842 totum
877 2793 1005 2856 premitis.
1021 2791 1084 2858 quid
1095 2778 1198 2840 trimi*

85 2868 144 2909 note
155 2860 279 2911 on1126.
706 2859 806 2908 orbem?
839 2858 922 2908 These
939 2858 1023 2909 words
1042 2873 1099 2921 may
1115 2855 1193 2911 ¹1⁵⁰,ss

117 2928 173 2975 811.
206 2927 346 2990 quaeritur]
363 2927 420 2976 ‘the
431 2926 489 2989 only
501 2927 614 2991 question
626 2925 667 2975 is'.
707 2924 831 2974 Scholiast
848 2923 942 2982 thinks,
966 2923 1030 2973 refer
1052 2931 1078 2972 to
1098 2922 1134 2972 the
1151 2917 1186 2966 iffi

45 3006 46 3009 ’
117 2993 174 3054 8ι4.
207 2992 256 3056 ipse
269 2992 349 3053 canet]
371 2993 413 3041 No
428 2992 506 3041 doubt
525 2992 574 3041 this
593 2992 668 3041 refers
707 2990 840 3053 Pompeius
856 2990 907 3038 and
924 2988 964 3039 his
979 3005 1038 3039 sons
1053 2983 1198 3053 compedit!

86 3063 112 3105 to
124 3072 193 3105 some
205 3058 307 3121 episode
319 3058 401 3106 which
414 3058 499 3106 Lucan
511 3057 629 3107 intended
642 3065 668 3107 to
707 3055 769 3104 from
783 3055 918 3103 Pharsalia.

85 3120 215 3171 introduce
231 3123 284 3171 into
299 3139 314 3171 a
331 3124 393 3171 later
404 3123 479 3181 book,
495 3124 520 3171 in
532 3123 614 3171 which
627 3123 668 3171 the
734 3120 838 3184 peregit]
871 3118 902 3169 cl.
918 3119 973 3168 Iuv.
1000 3131 1083 3169 vm
1104 3119 1198 3177 donem

85 3187 162 3236 shade
173 3187 202 3235 ol
214 3188 347 3253 Pompeius
362 3188 446 3236 would
458 3187 554 3237 loretell
568 3187 607 3236 his
619 3188 668 3237 sate
706 3186 798 3235 debeata
811 3186 928 3249 magistri
936 3185 1031 3234 marie.

85 3261 112 3301 to
125 3254 221 3308 Sextus,
234 3254 393 3303 asAnchises
405 3262 432 3304 to
444 3255 551 3303 Aeneas.
575 3253 667 3303 Weise.
739 3254 796 3314 824.
829 3250 980 3315 consumpto]
1004 3251 1046 3300 ‘as
1065 3249 1126 3300 their
1139 3256 1198 3312 pov!

118 3320 174 3381 815.
208 3320 250 3368 ille
269 3319 373 3384 quoque]
394 3325 465 3383 ‘nay,
484 3320 516 3369 he
528 3327 571 3368 too
587 3319 609 3367 is
623 3335 667 3367 un·
706 3317 770 3366 been
782 3316 843 3366 used
854 3332 889 3381 up
901 3330 965 3365 once
976 3316 1015 3365 ior
1025 3314 1081 3365 all'.

85 3383 200 3433 certain'.
740 3382 796 3444 8²5·
831 3379 911 3444 uenit]
937 3379 1075 3442 ‘walked‘,
1097 3378 1138 3445 qui
1155 3387 1198 3426 ou!

118 3451 174 3511 817.
209 3449 349 3513 Europam]
379 3450 481 3500 Grotius
497 3449 528 3498 ci.
548 3449 624 3497 Mart.
640 3461 667 3497 v.
708 3447 808 3496 adferri.
844 3446 929 3496 Schol.

85 3514 153 3562 lxxiv
173 3515 298 3579 Pompeios
316 3516 414 3563 iuuenes
435 3516 497 3563 Asia
518 3523 591 3579 atque
613 3515 668 3562 Eu·
741 3513 795 3563 826.
823 3510 946 3576 pontum]
980 3511 1046 3560 ‘laid
1069 3508 1131 3566 out',
1150 3502 1198 3578 di

85 3588 145 3643 ropo
157 3579 200 3628 sed
207 3581 288 3644 ipsum
301 3588 367 3628 terra
379 3582 438 3644 tegit
448 3580 540 3642 libyes,
552 3580 576 3628 si
586 3587 668 3628 tamen
707 3578 772 3626 Aen.
787 3589 817 3625 tv
829 3577 874 3627 681
891 3578 927 3626 sie
944 3583 967 3625 te
983 3584 1013 3625 ret
1021 3578 1113 3641 posr'ta,
1122 3570 1198 3623 mle&

86 3646 139 3693 ulla
157 3646 223 3709 tegit.
248 3646 311 3710 quid
327 3646 420 3694 mirum
440 3653 486 3694 toto
502 3648 526 3693 si
542 3647 671 3709 spargitur
707 3643 798 3692 essem?

84 3711 157 3760 orbe?
174 3711 251 3760 iacere
266 3728 316 3760 uno
331 3727 381 3759 non
393 3717 489 3775 poterat
503 3718 574 3758 tanta
590 3711 669 3758 ruina
741 3709 796 3758 828.
833 3707 895 3755 lucis
906 3707 1007 3756 ducente
1020 3706 1131 3768 colorem]
1147 3703 1198 3754 albu

86 3777 142 3824 loco.
177 3777 277 3826 Gnaeus
288 3793 339 3825 was
349 3777 428 3825 killed
440 3777 465 3824 in
478 3776 565 3840 Spain,
578 3776 669 3826 Sextus
707 3774 757 3822 iam
769 3774 818 3822 die.
853 3772 1198 3843 Schol.cl.Verg.Ecl.1xy

86 3850 111 3891 at
124 3841 234 3891 Miletus.
707 3846 805 3887 astrum
823 3854 871 3902 quo
887 3845 972 3902 segetes
983 3839 1121 3902 gauderent
1128 3833 1198 3901 jugi

119 3910 175 3957 818.
209 3906 343 3967 detribuit]
375 3906 668 3956 ‘Fortunehasdivided
724 3904 1198 3967 uodueeretapn'a'se'ncollibresreuocr

86 3988 148 4035 your
157 3974 238 4022 tombs
249 3989 342 4037 among
350 3972 392 4022 the
405 3972 475 4020 lauds
487 3988 517 4035 ye
526 3971 669 4036 triumphed
707 3922 764 4085 {thiu
779 3982 799 4018 11
812 3970 840 4018 81
860 3985 958 4032 uuaque
973 3977 1097 4034 conspecta
1108 3970 1198 4018 lium

86 4036 164 4087 over'.
749 4051 810 4084 urea.

120 4104 175 4153 820.
209 4103 297 4164 tutius]
316 4103 356 4153 ie.
377 4119 451 4167 every
467 4111 567 4167 quarter
583 4102 613 4151 ol
627 4101 669 4151 the
742 4104 795 4165 830.
831 4100 920 4162 tenere]
939 4099 1052 4150 ‘tohold
1066 4100 1152 4150 buck'.

86 4168 164 4217 world
181 4169 202 4218 is
219 4169 319 4234 equally
330 4169 389 4218 latui
406 4175 432 4217 to
449 4184 506 4232 you.
524 4167 553 4218 cf.
567 4180 608 4217 vn
621 4170 670 4231 870
