2746 4884
83 318 141 379 lxvi
534 321 834 382 SENTENTIAE

150 478 182 542 It
205 480 348 543 remains
369 500 444 543 now
465 489 501 543 to
523 500 579 543 see
600 477 748 543 whether
769 478 826 541 the
846 477 1021 541 sententiae
1039 476 1078 540 ο1
1098 477 1215 540 Lucan
1235 498 1262 540 ar

83 581 282 666 sufficiently
303 605 482 648 numerous
505 585 570 648 and
594 583 736 665 striking
758 592 794 646 to
814 581 934 664 justily
954 581 1040 645 their
1061 581 1262 645 selectionb

84 683 270 767 Quintilian
304 710 342 752 as
375 690 433 753 the
457 688 575 770 single
606 687 751 751 detailed
782 685 1028 750 characteristic
1057 694 1094 749 to
1124 686 1232 748 which

83 793 215 857 seemed
242 814 416 876 necessary
440 803 476 857 to
504 793 594 857 refer.
639 793 692 856 To
718 791 784 856 this
809 792 874 856 end
904 791 918 854 1
946 791 1032 855 have
1055 791 1157 855 made
1181 811 1218 854 as
1240 790 1262 852 11

83 915 121 958 as
137 895 152 957 I
170 896 267 960 could
285 918 305 960 a
320 897 487 980 complete
502 895 677 960 collection
693 895 733 958 os
743 893 846 970 them,
860 894 927 959 and
943 894 1078 978 append
1094 895 1121 957 it
1136 894 1223 957 here

85 1063 94 1103 1
115 1066 148 1120 32
174 1054 232 1108 alta
253 1054 351 1110 sedent
374 1054 463 1110 civilis
482 1055 597 1108 volnera
615 1053 737 1118 dextrae,
763 1053 794 1106 81
820 1053 848 1106 in
868 1068 898 1106 se
916 1069 1022 1122 magna
1041 1062 1135 1120 ruunt,
1157 1067 1192 1122 92
1214 1055 1262 1107 nul

154 1140 224 1195 fides
237 1143 316 1212 regni
329 1143 421 1208 sociis,
436 1143 484 1196 281
501 1159 612 1211 semper
624 1142 719 1195 nocuit
729 1140 840 1194 differre
852 1139 966 1209 paratis,
981 1154 1085 1209 33¹-2
1098 1141 1192 1195 nullus
1204 1158 1262 1195 sem

154 1245 202 1283 ore
218 1240 346 1300 receptus
361 1231 484 1300 pollutas
504 1229 609 1298 patitur
625 1228 740 1296 sanguis
755 1243 951 1281 mansuescere
967 1226 1071 1294 fauces,
1090 1228 1197 1298 348-9
1212 1245 1262 1281 1111

154 1319 259 1372 tenenti
273 1319 368 1373 omnia
380 1318 429 1373 dat
442 1318 488 1388 qui
502 1318 577 1371 iusta
590 1326 681 1385 negat.

83 1445 107 1487 11
121 1435 172 1501 287
192 1437 242 1491 sed
255 1454 311 1507 quo
323 1438 382 1492 sata
394 1437 508 1491 trahunt
520 1435 609 1490 virtus
623 1452 722 1489 secura
735 1444 873 1506 sequetur.

83 1565 119 1608 111
135 1556 167 1625 58
186 1559 275 1612 nescit
292 1559 388 1629 plebes
401 1558 494 1613 ieiuna
506 1557 614 1622 timere,
634 1556 736 1624 rra-o
754 1571 843 1625 usque
858 1553 930 1608 adeo
947 1556 1023 1610 solus
1038 1554 1142 1610 sermm
1159 1565 1262 1611 morteu

153 1660 208 1714 que
225 1646 324 1700 timere
342 1646 401 1699 auri
418 1645 508 1700 nescit
523 1662 609 1711 amor,
632 1658 680 1713 ¹52
700 1660 756 1698 non
776 1643 829 1697 sibi
848 1644 898 1697 sed
918 1643 1034 1698 domino
1049 1645 1144 1713 gravis
1160 1654 1204 1700 est
1217 1660 1262 1714 qua

155 1731 365 1801 servitegestas,
383 1733 489 1802 448-9
502 1742 594 1786 servat
615 1732 718 1785 multos
736 1731 848 1785 fortuna
864 1730 992 1785 nocentis
1008 1742 1035 1785 et
1052 1742 1166 1788 tantum
1182 1732 1262 1788 misen'

153 1817 234 1872 irasci
248 1820 365 1874 numina
377 1829 502 1890 possunt.

83 1950 114 1992 1v
127 1953 176 2008 275
196 1941 317 1996 vincitur
332 1942 408 1996 haud
427 1944 514 2012 gratis
533 1943 627 2012 iugulo
644 1943 691 2012 qui
708 1950 842 2011 provocat
859 1941 979 2009 hostem,
997 1943 1104 2013 478-9
1124 1943 1183 1998 vita
1198 1944 1262 1999 brev

153 2029 221 2083 nulli
243 2046 328 2100 super
346 2040 388 2085 est
410 2032 457 2100 qui
477 2041 588 2100 tempus
610 2031 638 2084 in
659 2030 706 2083 illa
728 2029 905 2101 quaerendae
927 2029 980 2083 sibi
1002 2031 1102 2086 mortis
1123 2031 1219 2101 habet,
1239 2045 1262 2097 7<

153 2114 284 2170 audendo
301 2133 421 2185 magnus
439 2118 542 2186 tegitur
558 2117 649 2184 timor,
670 2130 723 2182 704
740 2115 849 2170 variam
867 2133 979 2187 semper
995 2117 1065 2171 dant
1083 2118 1143 2172 otia
1158 2128 1262 2174 menter

152 2201 205 2268 708
223 2219 280 2271 qua
292 2204 377 2268 stetit,
390 2203 455 2258 inde
468 2203 551 2271 favet,
570 2217 623 2269 710
640 2203 725 2257 odere
737 2219 828 2272 pares.

83 2335 103 2376 v
121 2323 174 2379 260
197 2323 331 2395 quicquid
356 2325 452 2379 multis
477 2334 610 2395 peccatur
637 2325 756 2378 inultum
778 2334 830 2390 est,
859 2339 912 2393 290
934 2324 1044 2380 sacinus
1068 2343 1140 2396 quos
1164 2325 1261 2398 inquio

152 2423 262 2481 aequat,
287 2411 392 2482 ⁶92-4
417 2430 477 2467 sors
497 2414 595 2467 ultima
619 2430 711 2467 rerum
730 2412 758 2465 in
778 2413 879 2467 dubios
901 2430 984 2469 casus
1003 2423 1031 2468 et
1056 2431 1145 2485 prona
1167 2415 1262 2486 pericu

152 2499 252 2555 mortis
264 2500 450 2571 praecipitare
463 2501 541 2555 solet

81 2639 125 2682 vll
148 2643 250 2695 104-7
268 2631 372 2684 multos
394 2630 423 2685 in
445 2647 557 2686 summa
578 2632 702 2702 pericula
720 2631 796 2685 misit
815 2632 925 2686 venturi
946 2631 1032 2686 timor
1052 2633 1115 2703 ipse
1133 2634 1220 2699 mali3
1239 2634 1262 2688 fo

152 2716 278 2770 tissimus
297 2717 343 2771 ille
361 2726 404 2772 est
423 2718 470 2788 qui
490 2728 635 2788 promptus
654 2718 807 2773 metuenda
825 2718 892 2788 pati,
912 2719 935 2772 si
954 2720 1115 2775 comminus
1132 2720 1249 2789 instent,

153 2803 263 2858 differre
276 2814 377 2874 potest,
397 2807 449 2874 ²⁶3
467 2806 544 2859 nulla
560 2823 661 2859 manus
677 2806 742 2860 belli
760 2815 869 2860 mutato
888 2806 981 2862 iudice
998 2824 1068 2877 pura
1083 2817 1134 2863 est.

81 2938 138 2980 v111
158 2941 258 2996 29—31
282 2927 336 2981 nisi
356 2946 466 2983 summa
485 2929 546 2984 dies
563 2946 628 2983 cum
647 2928 703 2983 fine
720 2929 859 2984 bonorum
879 2929 967 2984 adfuit
988 2939 1016 2984 et
1036 2930 1120 2986 celeri
1142 2948 1262 3003 praever

153 3013 244 3067 tristia
260 3014 325 3082 leto,
344 3015 474 3070 dedecori
494 3025 537 3070 est
555 3017 667 3070 fortuna
684 3016 767 3087 prior,
780 3031 829 3083 ²4¹
849 3017 877 3069 in
897 3016 990 3072 dubiis
1008 3026 1100 3072 tutum
1118 3028 1161 3075 est
1182 3021 1262 3092 inope

153 3101 285 3156 simulare
298 3112 426 3172 tyranno,
440 3118 527 3174 452-
531 3120 546 3174 3
564 3104 602 3158 nil
615 3104 701 3174 pudet
714 3104 847 3159 adsuetos
861 3105 996 3175 sceptris;
1014 3105 1165 3161 mitissima
1179 3125 1240 3163 sors
1252 3127 1262 3165 e

153 3206 302 3259 regnorum
319 3191 371 3244 sub
389 3209 454 3262 rege
471 3209 554 3260 novo,
573 3207 659 3262 454-
664 3207 677 3263 5
696 3201 833 3262 quantum
851 3210 915 3262 spes
930 3193 1030 3248 ultima
1045 3210 1139 3248 rerum
1156 3195 1262 3251 liberta

153 3276 248 3344 habet,
273 3278 387 3344 484—7
406 3277 466 3332 ‘ius
488 3289 517 3334 et
540 3280 583 3333 sas
605 3280 710 3334 multos
735 3279 851 3348 faciunt,
875 3280 1044 3348 Ptolemaee,
1069 3283 1208 3338 nocentis
1247 3284 1262 3338 d

153 3382 259 3436 poenas
279 3365 393 3421 laudata
405 3366 475 3421 fides
492 3385 556 3422 cum
574 3369 693 3422 sustinet
700 3369 715 3437 ’,
736 3368 834 3438 inquit,
856 3370 945 3438 ‘quos
958 3367 1071 3424 fortuna
1088 3371 1212 3440 premit:
1231 3371 1262 3426 11

152 3453 256 3507 accede
270 3452 394 3523 deisque,
407 3464 434 3508 et
447 3455 509 3510 cole
522 3455 632 3520 felices;
652 3456 771 3510 miseros
784 3455 868 3524 suge'.

152 3565 274 3634 489—95
311 3576 486 3636 sceptrorum
504 3569 546 3622 vis
565 3578 625 3623 tota
643 3568 714 3638 perit
733 3568 757 3621 si
775 3568 898 3638 pendere
916 3569 990 3624 iusta

311 3653 417 3726 incipit,
437 3655 591 3727 evertitque
610 3673 689 3711 arces
707 3665 851 3727 respectus
870 3656 990 3711 honesti.

310 3742 425 3797 libertas
445 3744 581 3799 scelerum
601 3754 644 3799 est
663 3762 736 3814 quae
755 3761 842 3813 regna
861 3743 952 3799 invisa
971 3753 1064 3800 tuetur

311 3830 493 3900 sublatusque
511 3832 613 3886 modus
631 3831 752 3901 gladiis:
771 3832 865 3887 facere
883 3831 979 3886 omnia
997 3848 1081 3888 saeve

310 3934 367 3971 non
386 3918 501 3988 impune
518 3919 584 3974 licet
602 3919 656 3974 nisi
676 3937 740 3975 cum
759 3918 837 3974 facis.
875 3929 955 3976 exeat
974 3920 1040 3974 aula

311 4005 357 4073 qui
377 4006 434 4059 volt
452 4022 516 4061 esse
533 4008 611 4077 pius:
631 4008 719 4062 virtus
738 4016 765 4061 et
784 4024 895 4062 summa
914 4018 1040 4078 potestas

311 4107 367 4144 non
387 4101 505 4146 coeunt:
525 4109 636 4164 semper
653 4103 759 4148 metuet
778 4110 862 4163 quem
881 4109 967 4147 saeva
985 4094 1137 4163 pudebunt

154 4203 203 4258 527
216 4191 307 4246 metiri
321 4209 372 4246 sua
385 4210 470 4263 regna
489 4195 569 4250 decet
588 4196 716 4268 viresque
734 4196 823 4263 fateri,
844 4209 947 4265 534—5
969 4196 1096 4252 adversis
1116 4214 1174 4254 non
1195 4201 1262 4259 dees

152 4277 243 4345 decet,
264 4279 313 4333 sed
335 4279 409 4334 laeta
430 4290 559 4336 secutos:
580 4283 657 4337 nulla
678 4283 748 4337 fides
766 4300 901 4353 umquam
923 4283 1041 4337 miseros
1065 4285 1149 4354 elegit
1176 4289 1262 4344 amic«

152 4366 256 4434 631—2
276 4377 420 4423 mutantur
433 4386 566 4441 prospera
578 4372 661 4439 vitae,
674 4390 730 4426 non
744 4372 774 4426 fit
788 4381 879 4428 morte
891 4372 984 4429 miser.
