2746 4884
505 347 867 411 INTRODUCTJON.

328 516 439 571 attollat
457 516 561 572 refluos
580 517 610 570 in
629 525 706 570 astra
724 515 818 571 fontes

328 603 415 659 Graio
433 602 555 658 nobilior
574 602 681 658 Melete
701 602 806 657 Baetis,

327 691 447 760 Baetim,
467 693 597 760 Mantua,
616 707 770 762 provocare
788 689 854 745 noli.

379 789 478 835 natum
496 779 625 849 protinus
644 788 730 850 atque
747 780 867 832 humum
883 793 935 848 per
951 777 1044 846 ipsam

326 867 417 938 primo
435 885 577 922 murmure
595 867 679 923 dulce
697 868 858 937 vagientem

326 953 432 1010 blando
452 955 580 1027 Calliope
598 955 661 1009 sinu
679 955 794 1024 recepit.

327 1051 388 1097 tum
405 1041 529 1112 primum
546 1042 640 1112 posito
657 1041 777 1096 remissa
793 1041 871 1096 luctu

326 1130 427 1199 longos
446 1130 577 1200 Orpheos
596 1128 672 1183 exuit
690 1128 802 1183 dolores

326 1227 355 1273 et
374 1217 462 1271 dixit:
485 1232 590 1286 puero
609 1216 704 1271 dicate
721 1215 819 1284 musis,

326 1304 481 1374 longaevos
499 1302 556 1357 cito
575 1303 727 1357 transiture
745 1311 836 1371 vates,

326 1409 383 1447 non
403 1401 433 1446 tu
452 1391 571 1445 flumina
588 1407 640 1446 nec
659 1407 759 1460 greges
777 1391 900 1445 ferarum

327 1496 380 1536 nec
398 1480 506 1550 plectro
525 1479 641 1534 Geticas
660 1477 788 1533 movebis
807 1495 901 1547 ornos,

327 1569 379 1623 sed
397 1577 508 1638 septem
526 1567 592 1638 iuga
612 1567 805 1636 Martiumque
822 1565 934 1622 Tibrim

328 1666 356 1712 et
374 1657 474 1711 doctos
493 1656 603 1727 equites
621 1666 651 1711 et
669 1657 820 1727 eloquente

328 1754 412 1800 cantu
431 1761 601 1815 purpureum
620 1745 715 1800 trahes
734 1754 873 1800 senatum

328 1843 481 1889 nocturnas
499 1833 547 1887 alii
567 1834 710 1904 Phrygum
729 1834 825 1889 ruinas

329 1931 358 1976 et
375 1922 455 1976 tarde
473 1922 585 1978 reducis
603 1923 664 1976 vias
684 1922 762 1977 Ulixi

328 2019 357 2066 et
375 2027 499 2081 puppem
516 2011 700 2066 temerariam
720 2012 874 2080 Minervae,

329 2097 396 2151 trita
413 2097 526 2150 vatibus
544 2097 645 2164 orbita,
664 2107 833 2169 sequantur;

330 2193 361 2238 tu
378 2201 461 2239 carus
481 2185 563 2240 Latio
581 2201 745 2256 memorque
763 2185 857 2255 gentis

330 2287 446 2324 carmen
464 2269 562 2324 fortior
580 2271 684 2325 exseris
703 2280 840 2342 togatum.

330 2375 364 2413 ac
382 2360 505 2429 primum
523 2360 627 2413 teneris
646 2360 740 2415 adhuc
759 2361 789 2414 in
808 2361 889 2415 annis

330 2445 412 2499 ludes
431 2446 558 2499 Hectora
577 2446 787 2517 Thessalosque
805 2463 903 2501 currus

332 2543 361 2587 et
378 2532 497 2602 supplex
518 2532 623 2586 Priami
641 2534 766 2602 potentis
783 2550 892 2600 aurum,

332 2631 360 2676 et
378 2621 461 2675 sedes
479 2621 619 2675 reserabis
638 2621 800 2676 inferorum.

332 2709 459 2778 ingratus
479 2708 557 2762 Nero
576 2707 706 2763 dulcibus
724 2708 853 2776 theatriS,

330 2803 357 2847 et
375 2801 473 2847 noster
490 2792 542 2847 tibi
561 2793 716 2862 proferetur
735 2793 875 2864 Orpheus.

332 2881 410 2935 dices
429 2880 599 2934 culminibus
618 2880 701 2933 Remi
720 2881 850 2950 vagantis

332 2968 466 3023 infandos
484 2968 593 3022 domini
612 2969 742 3024 nocentis
760 2970 849 3038 ignes.

333 3055 399 3110 hinc
418 3063 514 3110 castae
532 3055 645 3109 titulum
663 3055 806 3126 decusque
826 3057 923 3111 Pollae

333 3143 455 3198 iocunda
474 3142 557 3197 dabis
575 3143 753 3198 allocutione.

386 3232 467 3286 ‘mox
486 3241 586 3302 coepta
604 3233 767 3301 generosior
785 3233 900 3288 iuventa

333 3321 413 3376 albos
432 3319 544 3374 ossibus
564 3319 643 3373 Italis
664 3320 810 3390 Philippos

334 3417 362 3462 et
382 3406 546 3461 Pharsalica
563 3406 638 3461 bella
656 3406 815 3474 detonabis‚

334 3496 412 3567 quod
430 3495 536 3550 fulmen
556 3495 637 3550 ducis
656 3495 729 3551 inter
747 3513 827 3550 arma
845 3495 913 3562 divi,

334 3584 466 3638 libertate
483 3599 600 3652 gravem
618 3582 666 3653 pia
685 3584 826 3638 Catonem

336 3684 364 3728 et
381 3681 494 3742 gratum
512 3672 702 3742 popularitate
722 3674 868 3742 Magnum.

336 3771 367 3816 tu
387 3761 526 3816 Pelusiaci
545 3761 638 3816 scelus
657 3762 767 3831 Canopi

335 3848 452 3903 deflebis
470 3849 534 3918 pius
552 3858 580 3903 et
600 3848 692 3903 Pharo
711 3857 827 3903 cruenta

338 3936 473 4006 Pompeio
492 3936 575 3990 dabis
593 3935 677 3990 altius
696 3937 862 4006 sepulcrum.

390 4024 478 4078 ‘haec
496 4023 588 4093 primo
606 4023 716 4079 iuvenis
735 4041 821 4078 canes
840 4024 893 4079 sub
911 4041 990 4092 aevo,

336 4121 403 4167 ante
421 4127 512 4165 annos
530 4110 629 4166 culicis
649 4112 818 4166 Maroniani.

337 4201 420 4256 cedet
438 4217 521 4255 musa
537 4201 615 4254 rudis
632 4201 734 4255 ferocis
754 4203 829 4255 Enni

337 4299 365 4344 et
382 4288 460 4343 docti
477 4288 554 4343 furor
570 4288 676 4343 arduus
697 4290 815 4359 Lucreti,

337 4386 365 4432 et
383 4377 431 4450 qui
449 4394 500 4449 per
517 4377 590 4433 freta
608 4377 686 4431 duxit
704 4381 892 4448 Argonautas,
