2746 4884
343 1471 384 1537 Α.
427 1469 638 1539 ΑΝΟΙΕΝΤ
672 1467 999 1537 auct-tontum.

112 1779 174 1851 (1)
214 1777 275 1834 Liie
293 1776 325 1832 ol
342 1777 439 1832 Lucan
458 1775 612 1831 attributed
631 1785 661 1831 to
680 1774 853 1830 Suetonius1.

115 1922 151 1975 Μ
176 1919 314 1972 Annaeus
337 1915 467 1970 Lucanus
487 1913 679 1969 Cordubensis
697 1922 783 1984 poeta
802 1914 831 1967 in
851 1914 1005 1970 Pisoniana
1022 1917 1214 1974 coniuratione
1233 1921 1280 1976 de·

48 2011 227 2084 prehensus
244 2005 393 2062 brachium
411 2005 449 2059 ad
468 2004 607 2059 secandas
627 2020 715 2058 venas
733 2004 845 2058 medico
863 2003 992 2073 praebuit
995 2046 1060 2061 ......
1063 2007 1154 2077 prima
1176 2010 1282 2079 ingenii

49 2097 264 2170 experimenta
278 2095 307 2148 in
325 2095 451 2149 Neronis
466 2094 600 2149 laudibus
617 2093 697 2147 dedit
713 2093 916 2164 quinquennali
936 2095 1098 2163 certamine,
1115 2096 1181 2150 dein
1200 2099 1282 2155 civile

50 2189 178 2244 bellum
198 2184 276 2256 quod
297 2202 315 2238 a
336 2183 473 2253 Pompeio
495 2192 524 2238 et
549 2184 672 2237 Caesare
696 2191 808 2252 gestum
830 2191 873 2236 est
898 2182 1035 2251 recitavit,
1056 2193 1086 2239 ut
1108 2185 1282 2254 praefatione

52 2276 197 2349 quadam
209 2283 332 2329 aetatem
345 2282 373 2328 et
386 2272 467 2327 initia
482 2289 534 2327 sua
550 2288 616 2326 cum
634 2270 760 2340 Vergilio
777 2286 947 2340 comparans
963 2287 1049 2326 ausus
1066 2273 1102 2325 sit
1122 2273 1216 2328 dicere
1236 2277 1282 2329 ‘et

53 2373 210 2437 quantum
223 2361 292 2415 mihi
304 2369 392 2415 restat
405 2359 443 2414 ad
457 2359 584 2414 Culicem
591 2359 610 2413 ?’
626 2358 673 2412 hic
692 2357 772 2412 initio
790 2358 1007 2424 adulescentiae,
1020 2374 1084 2413 cum
1097 2359 1134 2413 ob
1149 2359 1283 2416 infestum

54 2450 284 2510 matrimonium
302 2459 413 2520 patrem
429 2465 513 2504 suum
529 2447 585 2501 ruri
604 2463 688 2516 agere
704 2445 868 2515 longissime
885 2446 1064 2514 cognovisset
1067 2488 1131 2500 ......
1135 2460 1283 2504 revocatus

54 2539 192 2599 Athenis
217 2554 235 2592 a
260 2540 374 2594 Nerone
398 2536 564 2607 cohortique
589 2535 745 2590 amicorum
770 2533 884 2588 additus
909 2543 993 2603 atque
1021 2534 1106 2588 etiam
1131 2548 1284 2605 quaestura

54 2632 236 2693 honoratus,
249 2643 305 2680 nou
318 2635 415 2680 tamen
431 2623 587 2696 permansit
605 2623 634 2677 in
651 2622 761 2692 gratia;
780 2622 921 2691 siquidem
938 2638 1022 2691 aegre
1039 2620 1132 2677 serens
1147 2625 1284 2681 recitante

57 2734 97 2773 se
110 2714 211 2770 subito
223 2731 257 2769 ac
270 2714 347 2769 nulla
360 2712 415 2767 nisi
431 2711 614 2782 refrigerandi
632 2711 675 2765 sui
691 2727 777 2765 causa
789 2711 897 2765 indicto
914 2720 1013 2765 senatu
1029 2713 1180 2767 recessisse
1192 2730 1284 2784 neque

57 2804 166 2859 verbis
191 2802 326 2858 adversus
348 2801 506 2872 principem
527 2815 619 2870 neque
640 2799 723 2853 sactis
744 2799 905 2852 extantibus
929 2800 1086 2869 posthaec
1109 2803 1284 2872 temperavit,

59 2892 144 2948 adeo
163 2900 196 2945 ut
217 2889 363 2960 quondam
384 2888 413 2942 in
434 2887 543 2943 latrinis
561 2886 683 2957 publicis
702 2886 819 2941 clan'ore
841 2903 906 2941 cum
925 2887 1043 2957 strepitu
1064 2890 1170 2942 ventris
1189 2891 1283 2946 emissi

59 2978 284 3037 hetuistichium
307 2977 431 3033 Neronis
456 2992 563 3046 magna
586 2992 787 3031 consessorum
808 2975 876 3044 fuga
895 2975 1084 3045 pronuntiarit
1110 2976 1182 3031 ‘sub
1203 2980 1284 3034 terris

61 3070 200 3127 tonuisse
213 3068 313 3138 putes'.
350 3066 401 3121 sed
413 3075 442 3120 et
456 3065 568 3119 famoso
580 3065 706 3119 carmine
718 3081 784 3119 cum
799 3064 893 3134 ipsum
910 3073 971 3118 tum
986 3066 1199 3134 potentissimos
1215 3068 1283 3122 ami·

62 3173 173 3215 corum
191 3156 358 3226 gravissime
374 3153 520 3225 proscidit.
558 3153 596 3207 ad
612 3164 768 3209 extremum
787 3169 878 3222 paene
895 3151 1011 3222 signiter
1029 3154 1199 3209 Pisonianae
1219 3173 1284 3210 con·

64 3244 222 3302 iurationis
238 3242 366 3310 exstitit¹,
384 3243 490 3297 multus
511 3242 539 3296 in
558 3243 649 3312 gloria
667 3243 908 3312 tyrannicidarum
926 3243 1022 3314 palam
1041 3243 1233 3313 praedicanda
1252 3261 1285 3300 ac

64 3336 177 3408 plenus
192 3331 341 3399 minarum,
354 3347 443 3402 usque
462 3347 497 3386 eo
515 3329 709 3399 intemperans
728 3342 758 3384 ut
778 3329 910 3386 Caesaris
929 3340 1014 3401 caput
1035 3331 1164 3400 proximo
1183 3333 1286 3403 cuique

64 3425 200 3479 iactaret
230 3437 328 3474 verum
340 3420 454 3476 detecta
465 3419 660 3473 coniuratione
676 3434 856 3489 nequaquam
874 3434 972 3487 parem
988 3418 1076 3473 animi
1093 3421 1284 3474 constantiam

64 3506 228 3582 praestitit3
245 3505 328 3561 facile
345 3507 421 3560 enim
436 3505 583 3561 consessus
600 3515 629 3560 et
645 3505 683 3559 ad
695 3505 867 3559 humillimas
885 3505 1033 3560 devolutus
1048 3523 1147 3576 preces
1163 3519 1284 3562 matrem

66 3613 188 3671 quoque
211 3595 355 3650 innoxiam
380 3595 453 3650 inter
477 3594 570 3649 socios
594 3593 760 3661 nominavit,
786 3609 904 3663 sperans
931 3593 1107 3665 impietatem
1131 3595 1184 3649 sibi
1210 3597 1287 3667 apud

66 3684 246 3759 parricidam
264 3683 422 3753 principem
441 3682 623 3752 profuturam.
661 3682 812 3752 impetrato
831 3692 926 3737 autem
945 3683 1043 3738 mortis
1061 3682 1178 3740 arbitrio
1196 3685 1286 3741 libero

66 3771 221 3829 codicillos
233 3770 270 3825 ad
282 3779 393 3841 patrem
408 3770 583 3839 corrigendis
596 3769 767 3840 quibusdam
784 3770 910 3824 versibus
924 3769 982 3825 suis
999 3772 1132 3842 exaravit,
1146 3774 1287 3843 epulatus-

68 3879 128 3933 que
140 3860 257 3930 largiter
268 3859 387 3914 brachia
398 3859 436 3913 ad
448 3858 587 3914 secandas
596 3875 684 3914 venas
694 3858 822 3929 praebuit
835 3858 952 3913 medico.
985 3870 1118 3930 poemata
1127 3861 1187 3916 eius
1200 3863 1287 3916 etiam

69 3949 198 4022 praelegi
220 3947 347 4015 memini,
368 3946 470 4002 confici
491 3963 558 4001 vero
580 3963 613 4001 ac
635 3945 754 4016 proponi
775 3946 887 4000 venalia
912 3962 969 4000 nou
988 3956 1099 4001 tantum
1122 3965 1240 4018 operose
1259 3958 1289 4004 et

69 4016 224 4107 diligenter
236 4035 288 4090 sed
299 4034 395 4104 inepte
408 4050 521 4104 quoque
526 4031 544 4084 ³.

110 4227 489 4281 'SeeGeutbep3‚Teuii'el}303
505 4237 583 4271 noter.
605 4226 658 4270 Itis
708 4231 934 4273 exranri'aostuean.
962 4231 991 4275 Su
1000 4241 1035 4274 too
1044 4231 1180 4284 Genthep4.

70 4312 118 4343 m
127 4297 239 4352 generffly
247 4296 353 4339 admitted
363 4305 385 4339 to
394 4296 473 4348 belong
481 4305 504 4339 to
512 4295 632 4338 Suetonius
745 4298 755 4326 ³
768 4299 821 4340 tuis
831 4299 841 4339 1
851 4299 901 4341 take
910 4301 926 4341 it
935 4314 1030 4351 provesa
1039 4310 1099 4352 great
1108 4301 1201 4344 demand
1210 4301 1242 4344 l'or
1251 4302 1288 4345 the

109 4369 119 4395 ¹
131 4366 187 4409 This
195 4366 214 4408 is
222 4376 260 4408 not
268 4380 296 4407 au
306 4366 415 4408 insereuce
424 4366 478 4408 from
484 4365 521 4407 the
529 4366 657 4414 Pharsalia,
709 4365 772 4407 worlc

73 4432 660 4485 burbassdontraditiouandonmbaandsacta
