2746 4884
221 332 429 404 enarrer,
455 329 656 403 recrees
673 331 951 415 ,perronrvs
974 327 1157 390 erroneo
1238 325 1286 386 nx

163 515 256 579 liv194
273 511 432 580 (Lucanus)

224 626 281 672 sunt
299 617 417 688 quidam
436 617 484 686 qui
503 632 550 671 me
567 615 665 671 dicant
683 631 740 669 non
759 631 823 670 esse
841 624 974 685 poetam:

253 705 304 760 sed
323 705 372 775 qui
392 721 439 759 me
457 703 557 759 vendit
574 703 729 774 bibliopola
747 711 835 774 putat.

162 892 197 964 (ὁ)
223 901 346 960 unitus
365 901 424 956 nar
443 917 478 956 20

159 1005 248 1076 exigitur
259 1010 336 1064 enirn
348 1010 406 1064 iarn
419 1010 457 1064 ab
469 1018 580 1064 oratore
593 1009 680 1064 etiam
696 1008 824 1080 poeticus
841 1009 928 1064 decor
942 1024 999 1063 non
1015 1007 1095 1062 Accii
1108 1017 1156 1062 aut
1171 1008 1284 1063 Pacuvii

31 1111 34 1127 ¹
125 1096 201 1149 vetem
217 1097 376 1168 inquinatus
395 1099 447 1154 sed
464 1116 499 1154 ex
520 1098 632 1153 Horatii
651 1107 680 1152 et
696 1099 813 1167 Vergilii
834 1107 862 1154 et
884 1098 990 1152 Lucani
1009 1097 1132 1151 sacrario
1151 1096 1283 1166 prolatus.

121 1171 190 1235 horim
206 1185 283 1256 igitur
307 1188 423 1242 auribus
445 1196 474 1241 et
497 1186 609 1241 iudiciis
633 1188 834 1257 obtemperans
855 1196 1017 1241 nostrorum
1042 1196 1184 1240 oratorum
1206 1193 1285 1240 aetas

117 1264 222 1331 pulchrior
231 1284 258 1329 et
270 1275 396 1329 ornatior
412 1274 526 1330 exstitit.

147 1472 189 1544 (θ)
220 1475 384 1535 Petronius
404 1478 453 1532 118

143 1579 237 1635 multos
257 1581 374 1636 iuvenes
396 1598 512 1637 carmen
531 1582 651 1652 decepit.
689 1599 755 1636 nam
776 1592 807 1637 ut
828 1583 950 1652 quisque
970 1599 1084 1637 versum
1104 1581 1225 1652 pedibus
1244 1584 1285 1637 in·

94 1667 183 1720 struxit
195 1684 365 1738 sensumque
378 1668 548 1724 teneriorem
560 1671 711 1724 verborum
724 1670 832 1724 ambitu
846 1669 974 1736 intexuit,
986 1670 1095 1740 putavit
1108 1687 1139 1724 se
1151 1671 1286 1727 continuo

85 1753 116 1807 in
134 1755 299 1810 Heliconem
318 1757 439 1812 venisse.
476 1757 517 1811 sic
534 1758 695 1813 forensibus
719 1758 884 1813 ministeriis
907 1757 1050 1813 exercitati
1068 1756 1228 1827 frequenter
1249 1760 1286 1814 ad

81 1843 214 1897 camninis
238 1842 473 1913 tranquillitatem
492 1853 639 1914 tamquam
659 1845 698 1899 ad
722 1854 835 1916 portum
858 1845 1013 1901 feliciorem
1037 1846 1207 1915 refugerunt,
1228 1863 1286 1902 cre·

75 1930 179 1985 dentes
191 1930 301 1985 facilius
313 1947 416 2001 poema
429 1931 533 1986 exstrui
546 1949 640 2002 posse,
654 1950 740 2003 quam
753 1934 974 1988 controversiam
988 1934 1162 1989 sententiolis
1175 1935 1286 1989 vibran-

75 2019 156 2073 tibus
176 2018 288 2088 pictam
327 2029 452 2074 ceterum
478 2037 570 2090 neque
594 2022 759 2090 generosior
777 2022 891 2092 spiritus
914 2022 1069 2076 vanitatem
1091 2033 1176 2090 amat,
1195 2039 1287 2093 neque

71 2106 229 2177 concipere
252 2116 302 2161 aut
325 2108 410 2162 edere
428 2119 542 2179 partum
563 2126 644 2164 mens
669 2120 763 2181 potest
787 2110 843 2165 nisi
867 2109 974 2180 ingenti
995 2110 1110 2165 flumine
1131 2111 1287 2165 litterarum

68 2192 225 2247 inundata
261 2193 459 2263 refugiendum
484 2205 527 2250 est
552 2197 588 2250 ab
613 2197 692 2252 omni
715 2196 867 2252 verborum
891 2206 922 2252 ut
947 2196 987 2251 ita
1010 2196 1104 2251 dicam
1128 2196 1235 2252 vilitate
1260 2208 1287 2251 et

69 2282 236 2338 sumendae
252 2299 339 2337 voces
357 2299 375 2335 a
393 2283 477 2353 plebe
494 2293 629 2354 semotae,
649 2293 680 2338 ut
699 2284 748 2338 fiat
770 2284 834 2339 ‘odi
855 2284 1003 2355 profanum
1020 2285 1120 2353 vulgus
1139 2295 1166 2339 et
1185 2285 1286 2340 arceo’.

67 2382 226 2444 praeterea
242 2371 400 2426 curandum
418 2380 461 2426 est
480 2388 517 2428 ne
534 2373 692 2428 sententiae
710 2373 855 2428 emineant
875 2382 952 2427 extra
970 2389 1072 2444 corpus
1089 2374 1224 2428 orationis
1242 2391 1287 2428 ex-

66 2475 203 2530 pressae,
228 2458 279 2511 sed
304 2457 411 2512 intexto
435 2457 562 2513 vestibus
591 2460 685 2513 colore
709 2459 824 2514 niteant.
871 2460 1014 2514 Homerus
1041 2460 1122 2515 testis
1152 2469 1179 2515 et
1207 2461 1286 2530 lyrici

68 2548 281 2613 Romanusque
293 2544 435 2614 Vergilius
448 2553 475 2598 et
490 2545 603 2600 Horatii
616 2546 728 2601 curiosa
737 2533 879 2600 felicitas‘
898 2546 983 2601 ceteri
994 2545 1070 2600 enim
1083 2556 1197 2601 autnon
1210 2547 1286 2604 vide-

66 2643 140 2688 runt
161 2632 238 2685 viam
260 2647 317 2700 qua
336 2631 423 2684 iretur
442 2631 479 2685 ad
498 2648 612 2686 carmen
631 2642 679 2687 aut
697 2633 788 2688 visam
807 2633 962 2688 timuerunt
980 2634 1096 2688 calcare.
1134 2650 1200 2689 ecce
1220 2635 1286 2690 belli

68 2721 170 2777 cimlis
182 2721 283 2789 ingens
300 2736 373 2791 opus
390 2718 518 2790 quisquis
539 2720 671 2789 attigerit,
686 2721 741 2775 nisi
756 2722 857 2792 plenus
874 2722 982 2788 litteris,
996 2722 1049 2776 sub
1067 2738 1152 2778 onere
1168 2722 1285 2778 labetur.

68 2827 132 2864 non
153 2809 232 2862 enim
256 2825 301 2864 res
322 2818 421 2879 gestae
439 2810 567 2863 versibus
586 2809 870 2879 comprehendendae
895 2819 968 2878 sunt,
989 2810 1064 2879 quod
1082 2810 1167 2879 longe
1186 2811 1286 2866 melius

67 2895 206 2952 historici
230 2895 362 2964 faciuntl,
383 2896 434 2951 sed
459 2913 511 2966 per
535 2897 672 2966 ambages
696 2895 869 2966 deorumque
894 2897 1051 2952 ministeria
1073 2908 1101 2952 et
1125 2896 1285 2954 fabulosum

68 2985 281 3041 sententiarum
294 2994 466 3040 tormentum
484 2985 713 3056 praecipitandus
730 2995 772 3040 est
788 2986 860 3040 liber
876 2985 999 3056 spiritus,
1012 2995 1042 3040 ut
1059 2987 1153 3057 potius
1169 2986 1286 3043 furentis

68 3072 164 3127 animi
183 3071 350 3126 vaticinatio
371 3081 507 3142 appareat
531 3087 617 3141 quarn
638 3072 788 3141 religiosae
812 3073 948 3127 orationis
973 3072 1026 3127 sub
1051 3073 1171 3127 testibus
1196 3074 1285 3140 fides;

68 3171 225 3231 tamquam
237 3159 261 3214 si
273 3160 368 3229 placet
379 3159 426 3213 hic
439 3159 569 3230 impetus,
583 3159 669 3215 etiam
681 3161 705 3215 si
718 3159 846 3215 nondum
859 3161 964 3231 recepit
976 3162 1105 3216 ultimam
1118 3179 1241 3217 manum.

126 3275 212 3330 After
231 3274 287 3328 this
307 3274 416 3329 follows
437 3274 486 3330 the
505 3272 646 3344 fragment
667 3290 704 3329 on
724 3275 772 3330 me
794 3275 858 3330 civil
881 3292 945 3343 war,
968 3276 1112 3330 smoother
1131 3276 1188 3330 and
1208 3294 1286 3333 more

67 3367 189 3435 elegant
206 3362 276 3416 than
295 3362 401 3428 Lucan,
413 3362 465 3416 but
482 3361 600 3415 without
618 3360 663 3415 his
681 3361 737 3418 fire
778 3363 804 3416 lt
821 3362 904 3416 reads
918 3361 974 3416 like
991 3379 1008 3417 a
1022 3362 1077 3416 fair
1092 3380 1164 3433 copy
1176 3365 1285 3420 written

67 3466 99 3508 to
123 3453 207 3508 show
227 3452 323 3505 Lucan
343 3450 407 3505 how
426 3459 456 3504 to
474 3449 511 3504 do
531 3449 560 3504 it.
599 3449 653 3505 See
666 3450 756 3505 below
768 3451 782 3521 5
795 3466 836 3520 31.

126 3640 182 3711 (⁷)
213 3639 329 3697 Fronto
345 3638 448 3711 [fragm
461 3640 498 3695 de
510 3639 685 3695 orationibus
703 3642 740 3695 ad
757 3643 787 3694 M
802 3641 987 3710 Antoninum,
1002 3641 1100 3696 Naber
1111 3657 1150 3710 pp
1164 3642 1286 3712 157-8],

69 3732 148 3787 after
169 3727 310 3799 speaking
329 3727 361 3781 of
377 3727 426 3781 the
445 3727 641 3783 rhetoricians'
659 3728 740 3782 habit
761 3727 808 3799 [he
826 3744 925 3782 names
943 3727 1083 3783 Annaeus
1104 3729 1216 3798 Seneca,
1237 3730 1286 3785 the

69 3833 211 3888 younger,
224 3815 244 3868 it
258 3811 363 3883 seems]
379 3812 412 3867 of
424 3813 636 3883 accumulating
651 3813 841 3883 incongruous
858 3813 945 3885 detail
962 3814 1019 3867 and
1035 3813 1159 3882 wearing
1175 3831 1192 3868 a
1209 3815 1285 3884 topic

68 3904 255 3967 threadbare,
267 3917 336 3971 goes
349 3917 386 3955 on
400 3909 430 3954 to
443 3916 494 3970 say

126 4033 218 4071 unum
234 4015 356 4085 exempli
370 4031 458 4069 causa
470 4025 573 4085 poetae
584 4015 781 4085 prohoemium
794 4015 1033 4083 commemorabo,
1046 4026 1146 4085 poetae
1160 4015 1285 4071 eiusdem

69 4104 212 4175 temporis
228 4102 414 4172 eiusdemque
430 4101 573 4168 nominis;
592 4101 646 4157 fuit
661 4119 752 4174 aeque
768 4105 912 4157 Annaeus.
949 4102 974 4156 is
992 4102 1072 4156 initio
1091 4103 1225 4158 carminis
1242 4106 1285 4159 sui

110 4262 119 4291 ¹
134 4261 164 4304 So
174 4259 261 4302 Servius
269 4258 297 4300 ad
305 4259 353 4300 Aen
364 4259 416 4310 1382
426 4258 469 4299 and
479 4257 569 4309 Dryden
578 4257 600 4298 in
608 4271 655 4309 pre·
706 4271 767 4309 sagea
780 4257 832 4299 from
847 4255 964 4297 Mediaeval
976 4255 1057 4296 writers
1070 4263 1092 4296 to
1105 4255 1142 4297 the
1154 4270 1212 4298 same
1221 4257 1286 4300 effect

70 4331 119 4372 face
133 4338 156 4370 to
168 4330 253 4369 Annus
264 4325 381 4367 Mirabile
398 4325 478 4367 reclron
496 4325 570 4366 Lucan
587 4338 611 4366 as
627 4338 654 4366 an
705 4337 742 4366 are
751 4323 854 4366 collected
863 4323 892 4376 by
901 4322 986 4365 Genthe
995 4336 1023 4376 pp
1032 4325 1088 4376 83ss

70 4392 524 4450 historizniuverseratherthanapoet
553 4392 654 4449 Thepas·
