2746 4884
478 339 664 407 LUCANI
697 338 1019 404 PHARSALIAE

229 505 398 569 miscuerit
421 513 541 568 natura
562 504 645 581 solo,
668 524 736 567 non
760 524 839 567 cura
861 504 1026 587 laborque

229 617 343 672 noster
365 609 448 672 scire
471 606 582 672 ualet:
613 608 674 670 nisi
698 605 790 689 quod
815 606 955 689 uolgata
977 626 1039 688 per
1061 606 1181 670 orbern

228 709 341 773 fabula
363 730 425 793 pro
447 730 527 773 uera
549 711 682 792 decepit
705 710 839 772 saecula
861 730 971 773 causa.

228 811 349 876 finibus
372 813 533 876 extremis
558 812 693 894 Libyes,
717 811 773 874 ubi
797 811 924 876 feruida
946 811 1047 875 tellus

228 915 350 997 accipit
372 935 535 978 oceanum
559 915 705 998 demisso
728 915 800 978 sole
822 914 997 989 calentem,
1199 916 1255 995 625

227 1016 428 1100 squalebant
450 1017 518 1080 late
543 1016 772 1099 Phorcynidos
797 1037 877 1080 arua
901 1016 1077 1092 Medusae,

228 1140 295 1183 non
318 1140 492 1184 nemorum
516 1129 668 1203 protecta
691 1140 797 1196 coma,
821 1139 888 1182 non
912 1119 1029 1182 mollia
1051 1119 1158 1194 sulco,

226 1222 285 1285 sed
309 1221 467 1286 dominae
491 1222 585 1285 uoltu
609 1222 798 1304 conspectis
821 1242 940 1304 aspera
962 1222 1067 1284 saxis.

227 1324 291 1387 hoc
314 1324 460 1407 primum
482 1335 603 1388 natura
625 1345 749 1388 nocens
773 1326 805 1387 in
829 1345 967 1408 corpore
989 1346 1113 1390 saeuas

228 1429 347 1492 eduxit
370 1438 501 1511 pestes:
533 1427 599 1491 illis
621 1449 639 1491 e
663 1427 815 1491 faucibus
836 1449 964 1510 angues
1198 1429 1259 1508 630

228 1530 368 1594 stridula
392 1530 552 1593 fuderunt
575 1531 713 1594 uibratis
736 1531 833 1594 sibila
856 1530 987 1614 linguis,

228 1633 393 1697 femineae
416 1633 473 1715 qui
497 1653 590 1696 more
612 1653 730 1696 comae
753 1653 812 1715 per
834 1643 929 1715 terga
950 1635 1052 1698 soluti

228 1737 300 1819 ipsa
323 1735 540 1818 flagellabant
563 1736 741 1818 gaudentis
763 1735 850 1800 colla
873 1736 1046 1802 Medusae.

227 1847 368 1919 surgunt
391 1838 533 1901 aduersa
556 1838 731 1902 subrectae
754 1838 862 1902 fronte
885 1839 1051 1917 colubrae,

229 1941 468 2023 uipereumque
491 1940 564 2003 fluit
587 1939 722 2023 depexo
744 1942 834 2004 crine
856 1961 1033 2007 uenenum.
1199 1946 1257 2025 635

229 2045 292 2108 hoc
315 2043 418 2107 habet
441 2043 559 2106 infelix
583 2045 711 2108 cunctis
733 2045 870 2128 impune
893 2045 1038 2112 Medusa

228 2149 319 2230 quod
343 2158 495 2230 spectare
519 2147 606 2213 licet.
650 2168 729 2211 nam
752 2149 853 2211 rictus
876 2169 1001 2231 oraque
1025 2152 1169 2216 monstri

229 2254 304 2335 quis
327 2252 463 2315 timuit?
494 2271 595 2334 quem
619 2250 675 2333 qui
699 2260 790 2314 recto
813 2271 848 2314 se
870 2252 996 2315 lumine
1020 2254 1108 2317 uidit

228 2376 328 2439 passa
352 2354 495 2417 Medusa
518 2354 601 2416 mori
625 2354 700 2417 est?
745 2354 855 2437 rapuit
877 2354 1069 2420 dubitantia
1094 2357 1166 2422 fata

179 2518 188 2535 ,
227 2459 468 2542 praeuenitque
492 2467 620 2521 metus:
653 2457 764 2520 anima
787 2459 913 2540 periere
936 2469 1068 2523 retenta
1201 2465 1261 2542 640

229 2563 380 2627 membra
403 2583 463 2625 nec
487 2563 628 2625 emissae
652 2562 781 2644 riguere
802 2563 866 2626 sub
888 2564 1020 2628 ossibus
1043 2567 1195 2632 umbrae.

230 2666 459 2729 Eumenidum
484 2665 590 2727 crines
614 2665 703 2727 solos
728 2685 861 2729 mouere
884 2666 1031 2731 furores:

229 2772 393 2837 Cerberus
417 2770 554 2852 Orpheo
578 2769 693 2833 leniuit
716 2770 814 2834 sibila
836 2780 957 2834 cantu:

228 2872 554 2956 Amphitryoniades
577 2871 662 2935 uidit
684 2892 761 2936 cum
784 2872 932 2938 uinceret
956 2874 1141 2956 Hydram;

174 3123 230 3174 622.
266 3125 321 3174 nisi
330 3125 407 3191 quod]
423 3127 543 3176 asWeise
554 3127 667 3192 explains
680 3128 728 3177 ‘all
764 3135 830 3178 tatur
840 3128 915 3179 crinis
925 3129 1028 3191 scilicet,
1040 3148 1103 3183 uam
1114 3136 1214 3186 uoltum
1225 3133 1329 3187 uemo'uu

142 3189 155 3238 1
167 3189 244 3238 know
254 3189 275 3238 is
287 3191 340 3239 that
351 3207 366 3239 a
378 3191 439 3240 false
455 3191 504 3241 tale
519 3193 608 3256 spread
621 3193 727 3258 through
763 3209 830 3258 pune
841 3195 989 3260 adspexerit.

142 3253 185 3304 the
202 3255 281 3303 world
296 3256 323 3304 in
340 3256 411 3319 place
430 3255 459 3305 of
474 3257 516 3305 the
531 3258 582 3308 real
597 3274 670 3308 cause
682 3259 728 3308 has
796 3258 852 3322 637.
888 3260 967 3308 rictus
974 3262 1078 3326 oraque]
1100 3266 1209 3331 ‘gnpiug
1220 3263 1313 3316 moutb’.

142 3319 261 3369 deceived
277 3320 310 3368 all
327 3318 407 3384 ages'.
435 3320 468 3369 cf.
485 3322 546 3371 Sall.
563 3323 618 3386 Iug.
636 3324 667 3385 67
680 3331 727 3388 pa·
796 3323 852 3386 638.
888 3324 1072 3389 quistimua'tf]
1093 3330 1331 3382 ‘whohnshadtine

144 3401 201 3432 rum
213 3385 374 3448 comperimus
379 3403 388 3441 ,·
405 3386 459 3434 nisi
467 3388 528 3451 quia
540 3389 645 3446 uziictur,
661 3391 713 3440 &a
763 3395 789 3437 to
805 3389 914 3439 shudder
924 3388 980 3439 ati’
997 3391 1040 3440 i.e.
1052 3393 1165 3446 because
1180 3396 1214 3448 he
1227 3394 1331 3446 wouldbr

174 3448 231 3512 625.
259 3450 356 3513 accipit]
369 3450 491 3507 ‘admits'.
500 3452 544 3499 i.e.
555 3453 575 3501 is
584 3453 676 3502 bathed
684 3454 726 3517 by.
763 3455 851 3503 turned
863 3463 889 3504 to
900 3464 972 3505 stone
982 3464 1008 3505 at
1020 3473 1093 3508 once.

174 3514 300 3576 calentem]
314 3515 349 3572 ef.
364 3516 419 3564 Iuv.
433 3527 482 3564 X1v
498 3518 547 3566 280
561 3517 647 3567 audis!
661 3519 727 3568 Her·
795 3526 856 3568 recto
871 3537 895 3568 se
910 3521 1007 3569 lumine
1021 3522 1110 3586 uidit]
1123 3526 1197 3576 ‘who
1208 3527 1253 3577 has
1262 3520 1333 3576 loekd

141 3581 206 3629 culeo
217 3581 357 3629 stridentem
366 3581 465 3644 purgate
474 3582 554 3630 solem.
762 3583 864 3634 herfull
875 3585 902 3634 in
914 3585 955 3635 the
967 3585 1042 3635 face'.

175 3645 231 3695 ⁶26.
264 3646 417 3710 squalebant]
433 3646 465 3695 cf.
478 3656 536 3696 note
548 3659 672 3711 0n1205.
795 3649 852 3714 639.
886 3650 970 3713 passa]
987 3667 1039 3701 non
1060 3655 1161 3717 patitur
1177 3672 1236 3706 euru
1251 3655 1333 3706 Medus

174 3709 230 3760 628.
265 3710 345 3771 saxis]
361 3727 420 3759 saxa
432 3712 497 3760 enim
507 3711 597 3761 fecerat
610 3713 724 3773 Medusa,
762 3714 966 3779 mori.quiaiam
977 3725 1094 3768 mortuus
1108 3728 1156 3770 est.
1194 3722 1284 3772 Weise·

140 3775 262 3839 quidquid
274 3776 428 3840 adspexerat.
465 3776 550 3826 Schol.
795 3779 852 3842 64ο.
882 3782 1019 3844 praeuenit
1030 3785 1124 3845 maus]
1145 3781 1333 3852 ‘westooqffi

174 3839 231 3905 629.
265 3842 308 3888 hoc
313 3840 441 3903 primum]
457 3841 491 3890 ‘it
504 3858 554 3890 was
566 3841 591 3890 in
602 3841 648 3891 her
658 3843 728 3907 body
761 3842 800 3893 for
811 3845 875 3894 their
886 3844 957 3894 fear’.

141 3901 194 3954 first
206 3905 259 3954 that
271 3915 358 3955 nature
373 3906 433 3954 with
449 3906 529 3955 intent
545 3915 571 3956 to
584 3907 657 3956 herm
669 3924 725 3971 pro·
795 3908 852 3969 641.
882 3927 924 3959 nec
933 3911 1045 3973 emissae]
1056 3913 1208 3978 equivalent
1220 3915 1334 3967 touch

140 3969 221 4019 duced
234 3970 303 4019 these
315 3969 388 4020 fierce
419 3971 523 4035 lagues'.
761 3975 870 4032 cmr'ssaa
884 3976 983 4025 ‘before
995 3976 1055 4040 they
1065 3978 1135 4030 have
1147 3982 1193 4031 ten
1205 3982 1248 4032 the
1258 3976 1328 4043 body'.

173 4032 230 4096 633.
262 3987 725 4147 yaudenttirf‘whogloriedinthem’,
794 4037 850 4100 644.
886 4041 946 4089 solos
961 4041 1077 4104 furores]
1108 4047 1224 4111 ‘merely
1250 4041 1334 4106 6ωηῖ

141 4113 171 4147 or
184 4099 253 4147 ‘who
274 4100 307 4148 elt
319 4100 432 4164 pleasure
445 4101 470 4149 in
482 4101 547 4149 their
559 4102 722 4152 movement'.
761 4103 802 4153 ie.
821 4113 866 4155 not
883 4106 1028 4157 immediate
1041 4107 1122 4159 death
1140 4112 1174 4176 by
1187 4113 1285 4177 turning
1296 4110 1334 4159 int

173 4160 231 4224 635.
264 4165 350 4227 depexo
361 4165 440 4226 crine]
460 4165 534 4214 ‘from
550 4167 595 4216 her
609 4167 725 4217 trimmed
760 4176 842 4218 stone.

140 4225 214 4276 hair’.
243 4229 275 4277 cf.
299 4229 347 4279 Ov.
368 4231 401 4279 A.
421 4232 453 4279 A.
481 4231 558 4294 1630
579 4232 728 4296 depexacque
794 4232 851 4297 643.
888 4235 1097 4300 Orphe01cf.Ve
1129 4240 1183 4291 .G.
1197 4235 1332 4306 1v461ffl

140 4291 217 4339 iubae.
762 4299 789 4348 T
786 4301 905 4349 ananias
915 4303 989 4349 etiam
993 4255 1166 4366 sauuage.

172 4355 228 4418 636.
263 4357 316 4419 hoc]
333 4374 366 4407 sc.
378 4360 420 4409 the
430 4367 542 4424 serpeuts
553 4360 639 4410 onher
649 4361 725 4411 head.
794 4362 851 4428 644.
885 4365 961 4427 uua]
981 4368 1045 4416 ‘saw
1060 4368 1107 4419 the
1124 4371 1226 4436 Hydra,
1240 4367 1333 4422 'butt

140 4419 175 4467 So
187 4420 288 4471 Grotius
300 4423 412 4487 explains
426 4424 555 4502 following
567 4426 609 4475 the
621 4426 724 4477 Schol.:
761 4431 904 4494 conquered
920 4429 988 4489 ber‘.
999 4431 1046 4483 ie.
1063 4433 1182 4488 whereas
1198 4453 1263 4489 none
1277 4431 1332 4487 affl

138 4483 188 4533 boc
198 4500 275 4534 unum
287 4495 323 4536 est
336 4487 456 4537 Medusae
465 4491 532 4554 quod
542 4507 644 4555 impune
653 4507 724 4557 spec·
760 4494 822 4544 look
834 4510 867 4545 ou
880 4494 987 4546 Medusa
996 4497 1049 4547 and
1060 4507 1105 4563 yet
1117 4500 1180 4554 live.
