2746 4884
88 354 152 419 230
421 334 606 401 LUCANl
639 333 959 400 PHARSALIAE

176 499 270 580 signa
292 498 377 579 petit
399 514 540 578 pugnae.
586 495 695 558 miseri
719 514 796 577 pars
819 496 971 561 maxima
993 496 1084 582 uolgi

175 622 243 664 non
266 610 373 664 totum
397 600 508 663 uisura
530 599 629 676 diem,
652 600 794 663 tentoria
817 601 940 664 circum

176 705 249 786 ipsa
271 703 365 767 ducis
388 703 544 785 queritur,
567 721 756 785 magnoque
778 723 918 766 accensa
941 703 1087 769 tumultu

177 809 292 872 mortis
316 809 445 871 uicinae
468 798 677 890 properantis
699 806 860 871 admouet
882 807 991 874 horas.
1159 825 1188 890 50

175 915 248 978 dira
270 914 360 977 subit
383 913 510 976 rabies:
540 932 601 974 sua
623 911 764 994 quisque
787 930 825 975 ac
848 911 985 994 publica
1007 913 1077 978 t'ata

175 1018 392 1100 praecipitare
415 1017 525 1099 cupit:
553 1016 665 1098 segnis
687 1016 897 1099 pauidusque
920 1027 1061 1082 uocatur

175 1141 214 1183 ac
237 1121 375 1184 nimium
398 1121 530 1202 patiens
553 1118 657 1182 soceri
682 1120 870 1201 Pompeius,
892 1129 926 1183 et
949 1121 1039 1184 orbis

176 1225 351 1308 indulgens
375 1244 486 1306 regno,
508 1225 565 1306 qui
589 1232 639 1288 tot
661 1222 762 1286 simul
785 1223 932 1305 undique
954 1232 1072 1306 gentes

176 1330 254 1392 iuris
277 1329 398 1392 habere
420 1329 470 1391 sui
494 1327 595 1391 uellet
618 1347 800 1410 pacemque
823 1328 965 1392 timeret.
1156 1339 1182 1406 55

177 1453 237 1495 nec
261 1452 327 1495 non
351 1442 385 1494 et
407 1451 501 1513 reges
524 1430 706 1513 populique
729 1441 911 1512 queruntur
935 1430 1000 1494 Eoi

176 1535 265 1598 bella
287 1534 372 1598 trahi
396 1536 571 1617 patriaque
594 1533 708 1617 procul
731 1532 848 1597 tellure
870 1535 985 1598 teneri.
1013 1548 1039 1580 ³*
1053 1565 1058 1584 ·

177 1640 239 1704 hoc
263 1640 425 1722 placeto
448 1640 568 1721 superi,
590 1659 666 1701 cum
691 1638 785 1702 uobis
809 1648 938 1702 uertere
961 1647 1081 1704 cuncta

176 1744 393 1826 propositum,
416 1743 537 1806 nostris
560 1741 723 1806 erroribus
747 1741 871 1805 addere
893 1741 1028 1806 crimen.

176 1847 326 1910 cladibus
350 1846 502 1910 irruimus
525 1848 741 1928 nocituraque
763 1845 933 1929 poscimus
955 1867 1065 1910 arma:
1154 1844 1185 1908 60

176 1954 209 2015 in
235 1952 446 2034 Pompeianis
469 1960 587 2015 uotum
611 1961 662 2015 est
686 1950 856 2015 Pharsalia
878 1939 1019 2017 castris(

176 2067 370 2121 cunctorum
393 2077 493 2120 uoces
517 2057 662 2120 Romani
686 2056 855 2121 maximus
877 2066 994 2121 auctor

177 2159 307 2224 Tullius
330 2159 461 2242 eloquii,
485 2161 577 2223 cuius
600 2160 663 2224 sub
686 2161 756 2224 iure
777 2158 924 2243 togaque

175 2262 330 2346 pacificas
353 2283 472 2326 saeuus
495 2264 630 2327 tremuit
654 2262 799 2328 Catilina
821 2284 961 2340 secures,

175 2366 321 2451 pertulit,
342 2368 444 2430 iratus
467 2365 571 2441 bellis,
593 2387 669 2430 cum
692 2376 798 2431 rostra
820 2366 996 2451 lorumque
1153 2367 1182 2446 65

175 2480 307 2554 optaret
330 2491 447 2553 passus
470 2480 540 2535 tam
564 2472 664 2553 longa
684 2470 820 2546 ¹silentia
844 2472 949 2537 miles

175 2576 305 2639 addidit
329 2576 496 2639 inualidae
519 2577 618 2639 robur
641 2575 796 2640 facundia
818 2597 958 2641 causae:

217 2677 280 2741 hoc
303 2699 363 2761 pro
386 2687 437 2742 tot
460 2678 585 2742 meritis
607 2678 715 2742 solum
739 2689 780 2754 te,
805 2680 940 2763 Magne,
964 2690 1115 2763 precatur

173 2782 221 2844 uti
245 2802 280 2844 se
304 2782 451 2845 Fortuna
474 2767 575 2846 uelis:
606 2802 825 2865 proceresque
848 2792 983 2847 tuorum

120 2985 159 3043 48.
196 2997 245 3030 non
271 2981 360 3042 totum]
382 2982 422 3030 le.
444 2981 559 3031 destined
581 2989 607 3030 to
629 2981 671 3030 die
711 2995 756 3046 194
769 2983 848 3031 imre!
860 2983 915 3031 intr
946 2982 1122 3048 'usstammin

88 3049 171 3098 before
182 3047 225 3096 the
236 3048 285 3109 day
296 3063 346 3095 was
357 3047 431 3095 done.
741 3047 909 3108 nociturach.
936 3064 977 3098 uv.
991 3051 1220 3108 xanoeirmuu*

120 3125 160 3175 50.
195 3112 290 3172 mortis]
308 3113 405 3176 ‘brings
418 3127 505 3161 nearer
516 3111 559 3160 the
570 3111 671 3174 already
708 3118 768 3161 tura
773 3120 897 3176 petuntur
907 3114 1011 3163 miletia.
1035 3160 1039 3169 ,

87 3177 333 3242 hasteninghourof
344 3175 622 3242 approaehingdeath',
636 3177 666 3225 cl.
741 3176 781 3227 61.
814 3179 842 3226 in
865 3179 1033 3243 Pompeianis]
1056 3169 1220 3229 ‘Phamtu’st

90 3260 134 3310 591
151 3242 207 3291 inlr.
225 3255 254 3291 1v
268 3244 331 3305 481:
348 3243 380 3291 cs.
396 3243 438 3291 the
453 3258 497 3291 use
512 3242 541 3290 os
553 3257 673 3291 remouere
708 3242 730 3290 is
742 3244 835 3307 prayed
845 3243 883 3292 lor
892 3244 918 3292 in
931 3244 1074 3309 Pompeius’
1082 3242 1167 3309 oemp'·
1180 3233 1220 3309 elil

87 3309 113 3357 in
126 3307 342 3357 Hor.earm.1iii
355 3323 393 3370 32,
409 3322 439 3371 33
456 3308 584 3371 semotique
594 3307 671 3371 prius
708 3300 1220 3374 nnr737usu0t0potmretuonaorl·

86 3374 159 3422 tarda
170 3375 295 3421 marsitas
306 3373 349 3421 leti
359 3373 481 3436 corripuit
488 3373 607 3435 gradum.
707 3380 762 3422 esto.

120 3450 159 3499 54.
195 3438 335 3501 indulgens]
352 3438 467 3501 ‘secking
478 3445 505 3487 to
516 3439 621 3502 prolong
632 3437 671 3486 his
740 3436 779 3488 62.
816 3439 913 3500 auctor]
931 3439 1049 3490 ‘master’
1065 3441 1095 3491 ct'.
1111 3441 1220 3490 Honun

87 3519 155 3566 sway
166 3519 225 3551 over
238 3502 280 3551 the
292 3502 369 3551 world
378 3502 392 3550 '.
708 3503 784 3551 xxviii
799 3520 836 3565 14,
852 3519 880 3567 15
894 3505 976 3554 iudice
986 3512 1009 3554 te
1021 3521 1071 3556 non
1086 3505 1220 3556 sardam

118 3568 498 3698 lihcrltdmhe‘sp‘ddudludoddddll
509 3579 571 3698 hdsl
584 3632 669 3682 trium·
709 3575 1002 3697 nqqsaqfflqebud·
1015 3636 1127 3687 remulo
1137 3630 1220 3701 thalli!

86 3699 171 3764 phum.
209 3699 293 3748 Schol.
708 3699 839 3748 hasmade
855 3715 870 3748 a
886 3709 957 3764 great
970 3701 1079 3752 mistake
1093 3702 1119 3751 in
1132 3696 1220 3751 inuita

120 3777 158 3827 57.
194 3763 458 3824 tenet-rhesum.
709 3765 937 3842 Cieeroasurging
946 3763 1220 3832 Pompeiusrorisktut

119 3845 158 3896 ⁵9·
193 3831 284 3878 nostris
298 3828 432 3888 errentur]
450 3830 489 3877 ‘to
500 3828 550 3877 add
562 3827 625 3892 guilt
636 3844 670 3876 on
708 3830 780 3879 when
792 3831 926 3895 according
942 3838 970 3879 to
984 3832 1025 3882 his
1041 3849 1098 3882 own
1108 3827 1220 3882 lettorii*

85 3910 130 3944 our
143 3902 198 3959 part
210 3903 236 3943 to
245 3911 290 3944 our
301 3893 431 3942 mistakes'
443 3903 469 3942 ut
480 3895 548 3957 quod
560 3894 670 3958 perimus
708 3895 828 3958 precisely
840 3896 883 3945 the
894 3897 1018 3962 opposite,
1033 3898 1066 3947 cf.
1078 3899 1109 3948 ad
1126 3898 1178 3947 scm·
1190 3899 1216 3941 ul

86 3962 158 4009 nobis
175 3961 312 4024 imputetur
329 3975 380 4008 non
397 3959 460 4017 satis,
477 3959 542 4008 Oud.
566 3960 607 4008 ie.
627 3960 668 4008 be·
707 3961 860 4019 §asuadm
871 3961 973 4010 imtitur'
983 3964 1110 4012 utbcllum
1120 3963 1205 4012 durna

85 4041 158 4075 cause
170 4027 203 4089 by
215 4042 260 4074 our
271 4041 328 4074 own
340 4024 437 4073 wicked
447 4024 536 4073 wishes
545 4024 583 4072 sor
591 4025 669 4074 battle
740 4027 796 4074 iure
805 4026 915 4091 togaque]
928 4027 1000 4077 ‘civil
1010 4028 1101 4094 sway'.
1215 4082 1219 4094 ¹

86 4091 145 4139 with
168 4106 213 4140 our
234 4097 404 4153 countrymen‚
420 4105 458 4138 we
477 4090 579 4139 deserve
602 4090 669 4139 what
738 4089 780 4151 65.
810 4093 925 4155 pertulit]
943 4094 1083 4158 ‘conveyed
1098 4103 1124 4144 to
1144 4093 1220 4154 Pomp!

85 4156 165 4220 might
177 4156 307 4205 otherwise
323 4157 354 4204 be
370 4155 516 4204 considered
534 4170 561 4204 as
578 4170 593 4203 a
610 4155 667 4204 mis·
706 4154 780 4206 ears’.

84 4220 190 4270 fortune.
738 4220 778 4271 68.
809 4229 857 4286 pro
873 4229 908 4271 tot
924 4224 1032 4286 moitis]
1052 4213 1220 4274 ‘intermill

118 4285 158 4336 60.
181 4286 314 4347 irruimus]
329 4289 379 4334 ‘we
387 4285 445 4335 rush
455 4301 522 4350 upon
530 4283 667 4335 disasters'.
705 4303 781 4351 many
791 4286 958 4338 kindnesses'.

84 4351 182 4400 imicre
192 4352 317 4415 generally
327 4351 397 4400 takes
408 4351 451 4400 the
459 4350 598 4400 accusative
606 4351 667 4400 with
737 4351 778 4417 69.
811 4355 853 4402 uti
861 4352 895 4422 se]
908 4358 948 4404 ‘to
959 4353 1035 4406 make
1046 4353 1090 4406 lull
1101 4370 1143 4407 use
1152 4343 1220 4404 olidi

82 4416 119 4478 in,
133 4415 178 4465 but
189 4415 221 4469 cs.
234 4417 357 4471 claudian
366 4417 397 4469 de
406 4432 473 4470 cons.
487 4416 559 4471 Mall-
569 4417 665 4470 Theod.
