2746 4884
419 323 604 391 LUCANI
637 322 957 389 PHARSALIAE

172 506 239 551 non
262 485 355 549 illum
380 484 472 548 cultu
496 483 612 567 populi
634 483 790 567 propiore
812 482 1037 566 frequentant,

173 591 232 655 sed
254 609 383 654 cessere
406 588 487 654 deis.
532 589 645 653 medio
668 609 745 653 curn
769 587 924 653 Phoebus
946 589 982 652 in
1004 609 1075 653 axe
1095 596 1165 665 est,-

173 703 232 758 aut
256 692 386 757 caelum
410 712 481 756 nox
505 700 578 756 atra
600 698 704 768 tenet,
728 699 830 775 pauet
852 693 925 775 ipse
947 694 1104 757 sacerdos

175 818 329 862 accessus
351 797 595 878 dominumque
617 796 715 859 timet
738 795 945 878 deprendere
967 795 1043 861 luci.
1143 808 1195 876 425

218 903 305 965 hanc
329 901 421 964 iubet
444 900 596 964 immisso
618 899 740 964 siluam
762 900 984 982 procumbere
1005 899 1111 965 ferro:

177 1026 255 1070 nam
279 1004 389 1070 uicina
412 1005 505 1086 operi
527 1003 684 1086 belloque
706 1004 834 1068 intacta
857 1005 967 1086 priore

176 1110 263 1173 inter
285 1109 430 1172 nudatos
453 1108 566 1173 stabat
588 1107 788 1171 densissima
810 1115 952 1171 montes

178 1212 236 1275 sed
261 1210 363 1276 fortes
385 1219 551 1275 tremuere
573 1230 701 1287 manus,
725 1210 875 1293 motique
897 1209 1046 1276 uerenda

179 1315 355 1378 maiestate
378 1314 451 1391 loci,
474 1314 502 1378 si
523 1314 645 1378 robora
665 1334 761 1378 sacra
783 1313 930 1392 ferirent,
1144 1331 1198 1397 430

179 1421 213 1484 in
236 1441 296 1483 sua
319 1420 501 1485 credebant
524 1421 688 1484 redituras
710 1419 862 1483 membra
884 1439 1027 1484 secures.

180 1526 358 1611 implicitas
381 1545 506 1608 magno
529 1525 654 1590 Caesar
674 1534 810 1608 torpore
831 1524 987 1589 cohortes

180 1640 218 1694 ut
240 1631 333 1704 uidit,
357 1630 485 1713 primus
507 1638 640 1712 raptam
662 1628 794 1692 uibrare
815 1627 997 1710 bipennem

180 1754 280 1796 ausus
304 1742 338 1798 et
360 1733 484 1796 aeriam
508 1730 594 1796 ferro
616 1732 829 1815 proscindere
850 1752 1012 1814 quercum

181 1836 301 1900 effatur
323 1856 433 1898 merso
456 1835 582 1899 uiolata
604 1836 639 1898 in
662 1835 783 1899 robora
806 1835 910 1898 ferro:
1146 1846 1201 1915 435

182 1941 247 2003 iam
272 1961 314 2003 ne
337 1940 412 2022 quis
435 1948 584 2002 uestrum
605 1938 740 2002 dubitet
762 1938 958 2003 subuertere
979 1937 1101 2005 siluam

181 2044 305 2108 credite
328 2064 381 2108 me
404 2043 521 2108 fecisse
544 2041 646 2107 nefas.
690 2051 764 2107 tum
788 2044 900 2125 paruit
922 2043 1049 2113 omnis.

181 2146 328 2229 imperiis
352 2167 420 2210 non
443 2146 578 2211 sublato
601 2166 718 2210 secura
740 2167 868 2229 pauore

179 2252 287 2329 turba,
310 2252 369 2315 sed
394 2271 546 2335 expensa
568 2271 764 2334 superorum
788 2262 823 2316 et
846 2252 1001 2317 Caesaris
1025 2253 1083 2319 ira.

181 2355 406 2438 procumbunt
428 2356 510 2433 orni,
533 2358 663 2420 nodosa
685 2355 868 2439 impellitur
891 2355 969 2435 ilex,
1151 2373 1208 2436 440

181 2456 331 2540 siluaque
355 2457 518 2522 Dodones
540 2467 574 2522 et
597 2457 753 2522 fluctibus
775 2459 886 2542 aptior
908 2458 1006 2524 alnus

181 2570 215 2627 et
238 2583 305 2626 non
328 2562 479 2645 plebeios
502 2563 611 2629 luctus
633 2573 759 2629 testata
781 2584 957 2647 cupressus

181 2675 253 2730 tum
277 2667 421 2751 primum
444 2688 586 2751 posuere
607 2689 722 2732 comas
744 2678 778 2733 et
801 2667 919 2733 fronde
941 2680 1095 2736 carentes

181 2771 346 2837 admisere
367 2774 475 2838 diem:
506 2772 731 2858 propulsaque
754 2774 872 2839 robore
894 2776 1000 2841 denso

128 3004 185 3074 4²3⁸
221 3003 304 3038 cessere
323 2988 382 3051 deis]
408 2989 494 3038 ‘made
510 3005 566 3053 way
581 2988 620 3038 for
636 2990 680 3039 the
718 2997 810 3055 torpor.

95 3056 177 3119 gods.
213 3055 422 3104 cf.Catul.Lx1v
439 3054 592 3118 adoraretis
607 3056 681 3120 coepit
751 3073 808 3120 434.
842 3056 950 3119 aereum]
966 3056 999 3107 cf.
1018 3057 1097 3124 Verg.
1115 3058 1248 3123 Eellspr

96 3120 201 3170 decedere
211 3121 283 3169 diuis.
717 3138 811 3186 gemere
822 3123 1215 3174 aenbensabr'tturtrrrabsslu.

130 3184 215 3245 medio]
248 3185 304 3234 'l'he
315 3185 378 3249 gods
393 3201 458 3235 were
471 3186 597 3250 supposed
609 3194 635 3235 to
648 3187 681 3236 be
752 3201 809 3250 435.
846 3188 1141 3249 uiolata1‘desecrated’.

97 3251 681 3381 {reuersuruselusus
720 3248 1248 3385 strennuissimus*

101 3384 129 3431 18
152 3378 179 3430 οὐ
197 3382 263 3440 θέμις
286 3379 305 3429 ὦ
323 3383 412 3440 eorpus
428 3384 456 3430 τὸ
472 3383 634 3445 μεσαμβρινὸν
655 3380 682 3432 ori
720 3384 817 3447 against
829 3384 890 3434 each
902 3384 975 3434 other
986 3385 1030 3435 the
1045 3356 1117 3451 gods·
1128 3387 1176 3436 sud

98 3449 163 3505 θέμις
172 3446 247 3505 α’μμιν
260 3448 380 3509 superes·
397 3449 439 3495 τὸν
451 3448 523 3495 Πᾶνα
535 3449 681 3505 δεδαίκαμες·
721 3449 821 3508 wrath’,
841 3450 880 3499 i.e.
898 3451 949 3499 and
969 3451 1054 3501 decidi
1171 3442 1248 3502 the!

98 3511 171 3576 ἥγάρ
179 3510 221 3560 ἀπ’
230 3510 306 3573 ἄγρας
315 3516 401 3560 rastra
408 3515 530 3567 κεκμακὼς
537 3510 680 3570 ἀμπαῦεται·
720 3530 772 3564 was
783 3515 825 3565 the
837 3531 906 3565 more
917 3523 945 3565 to
955 3516 988 3566 be
998 3468 1093 3568 setrid.

97 3580 146 3627 ἐπὶ
159 3579 185 3626 δὲ
197 3579 287 3635 πικρός,
301 3579 340 3624 καί
355 3579 377 3625 ol
393 3575 428 3625 del
444 3579 536 3638 δριμεῖα
552 3576 614 3639 χαλᾶ
625 3580 681 3628 ποτὶ
771 3596 785 3643 3
804 3616 810 3630 .
845 3581 960 3645 expensa]
971 3581 1003 3631 cf·
1017 3582 1073 3633 Cic.
1083 3584 1118 3634 de
1127 3590 1186 3633 orat.
1195 3580 1248 3641 11ss

97 3645 144 3707 pol
162 3641 271 3702 κάθηται.
308 3643 356 3692 See
367 3643 421 3691 also
434 3643 511 3692 Hom.
527 3645 578 3694 od.
592 3657 622 3693 1v
633 3659 682 3707 450
720 3646 778 3709 equ'
793 3662 899 3694 errorum
912 3647 996 3710 colligo
1010 3665 1045 3696 ar
1077 3655 1248 3698 muraenam

99 3709 150 3760 foll.
164 3710 237 3757 ἔνδιος
249 3707 268 3755 δ’
282 3708 383 3771 ὀγέρων
392 3706 448 3767 ἦλθ’
460 3710 485 3767 ἐξ
498 3709 554 3758 ἁλός
566 3712 638 3758 nrm.
721 3726 771 3760 non
780 3717 830 3759 tam
839 3727 867 3760 ea
876 3728 1027 3761 numerares

132 3788 188 3838 425.
222 3773 374 3837 deprendere]
395 3779 434 3822 ‘to
455 3773 513 3822 take
533 3772 681 3824 unawares’.
753 3793 810 3838 44¹·
835 3776 911 3838 silua]
928 3777 961 3827 cf.
981 3777 1060 3844 Verg.
1076 3708 1248 3841 mm

98 3841 130 3891 cf.
144 3839 250 3903 Quintil.
263 3851 281 3887 x
294 3839 327 3887 vii
342 3839 493 3903 §sododem
505 3840 683 3889 tamenadm'tr'
720 3842 806 3890 siluae.
839 3843 908 3891 silua
923 3843 1039 3892 Dodones
1049 3840 1248 3899 mesnstheoelsl

99 3914 214 3969 utruque
223 3905 476 3968 deprehermerorator
486 3906 684 3969 nequeliugraesr
721 3907 798 3971 Verg.
819 3907 851 3956 G.
874 3920 883 3956 1
907 3910 961 3970 148,
988 3924 1035 3976 149
1057 3927 1115 3960 cuns
1136 3912 1185 3961 risu
1198 3904 1248 3974 8¹¹

98 3972 229 4020 destitutus
240 3986 286 4018 esse
296 3970 420 4018 uideatur.
721 3979 794 4035 atque
815 3973 905 4022 arberto
926 3990 1011 4024 sacrae
1031 3975 1160 4042 deficerent
1180 3972 1248 4026 ss'ffl'

132 4036 189 4099 426.
224 4036 342 4096 immerso]
363 4036 407 4083 ‘let
421 4036 490 4084 loose
502 4051 570 4100 upon
582 4035 620 4085 it'.
650 4036 682 4084 cf.
721 4039 815 4086 uictum
828 4038 932 4087 Dodona
944 4047 1055 4102 negaret.

99 4103 175 4165 Verg.
188 4102 243 4150 Ecl.
256 4114 277 4149 11
290 4104 320 4163 58
325 4101 433 4163 florr'bres
441 4102 566 4150 Austrum
570 4102 684 4165 perditus
754 4119 811 4165 441.
844 4104 980 4168 cupressus]
1013 4106 1084 4155 ond.
1096 4106 1129 4158 cf
1149 4107 1192 4159 Sil.
1205 4100 1248 4155 lli

99 4175 123 4217 et
132 4167 236 4231 liquidis
247 4167 344 4215 immisi
346 4166 460 4231 sororibus
472 4175 552 4230 apros.
723 4181 769 4231 535
787 4184 816 4217 ac
825 4169 910 4232 ferale
926 4170 998 4219 denes
1015 4179 1122 4221 mantas
1137 4175 1171 4223 ad
1182 4172 1248 4221 earu

133 4249 189 4295 43¹·
224 4232 359 4292 redituros]
379 4233 474 4280 ‘would
486 4231 619 4281 rebound'.
649 4232 679 4283 cf.
716 4241 825 4298 pressus.

101 4310 110 4347 1
125 4312 168 4362 391
183 4297 305 4346 redeuntis
317 4299 345 4345 e'n
356 4298 454 4346 aethera
465 4297 549 4347 siluae.
755 4317 811 4362 444.
834 4299 1010 4365 propulsaque]
1025 4303 1091 4352 ‘and
1102 4303 1146 4354 the
1153 4296 1248 4355 woodd

133 4378 190 4425 432.
207 4362 465 4426 terporeJ‘lethsrgy'.
491 4363 689 4427 cf.Verg.Aen.'
722 4365 879 4414 overthrown
895 4367 1035 4430 supported
1050 4364 1248 4434 ineubyued

101 4439 143 4476 x11
157 4425 202 4488 867
215 4429 255 4476 e'llr'
264 4428 371 4476 membra
382 4445 462 4477 nouus
469 4429 543 4478 soluit
543 4429 686 4494 formidine
721 4446 778 4480 ness
789 4431 817 4480 of
827 4431 870 4481 the
881 4433 966 4481 trees’.
