2746 4884
88 321 146 382 126
417 318 601 384 LUCANl
636 317 953 383 PHARSALIAE

168 480 366 544 confirmant
389 481 465 546 ictu.
511 481 641 544 seruent
664 481 730 544 iam
755 490 864 545 castra
887 482 1035 546 tumultu
1135 494 1181 560 250
1276 500 1280 505 ·

171 584 217 667 [et
240 586 400 649 scelerum
424 587 538 650 turba:
566 586 740 669 rapiuntur
761 585 850 649 colla
872 585 1073 668 parentum]

169 712 207 754 ac
231 690 322 754 uelut
345 690 513 755 occultum
537 701 652 774 pereat
675 691 784 755 scelus
807 692 921 754 omnia
945 701 1094 755 monstra

170 796 202 858 in
226 794 344 858 faciem
368 814 509 877 posuere
532 795 673 857 ducum:
704 796 798 857 iuuat
820 815 894 858 esse
917 795 1079 858 nocentis.

211 907 248 960 tu
273 897 395 962 Caesar
418 899 571 979 quamuis
593 897 756 981 spoliatus
780 896 886 961 milite
909 897 1017 962 multo

169 1003 322 1083 agnoscis
342 1020 486 1083 superos.
533 1002 750 1082 nequeenim
771 1001 832 1064 tibi
854 1001 961 1064 maior
980 1001 1012 1064 in
1034 1001 1122 1065 aruis
1139 1015 1188 1080 555

171 1105 337 1168 Emathiis
361 1105 495 1168 fortuna
518 1104 589 1182 suit,
612 1126 674 1169 nec
699 1105 865 1170 Phocidos
889 1105 988 1168 undis

170 1207 349 1283 Massiliae,
375 1207 495 1271 Phario
519 1228 580 1270 nec
603 1217 736 1271 tantum
761 1217 812 1271 est
836 1228 981 1290 aequore
1003 1217 1145 1290 gestum.

168 1310 232 1373 hoc
255 1311 419 1392 siquidem
443 1311 516 1374 solo
538 1310 646 1375 ciuilis
669 1311 807 1374 crimine
829 1310 909 1374 belli

168 1415 240 1477 dux
264 1434 384 1477 causae
408 1414 552 1477 melioris
575 1415 647 1478 eris.
692 1414 824 1496 polluta
847 1413 994 1477 nefanda

168 1519 304 1600 agmina
327 1519 429 1581 caede
452 1519 552 1582 duces
576 1519 697 1581 iunctis
720 1518 931 1582 committere
954 1517 1074 1581 castris
1141 1519 1194 1580 260

170 1642 236 1685 non
260 1623 396 1698 audent,
417 1621 573 1704 altaeque
596 1622 639 1684 ad
663 1623 797 1685 moenia
821 1641 933 1686 rursus
959 1619 1090 1686 llerdae

169 1727 341 1790 intendere
364 1725 486 1809 fugam.
533 1746 670 1809 campos
693 1747 795 1808 eques
817 1727 937 1792 obuius
960 1745 1078 1790 omnes

169 1828 305 1893 abstulit
329 1839 363 1894 et
385 1831 479 1893 siccis
503 1829 637 1894 inclusit
659 1830 800 1893 collibus
823 1830 964 1894 hostem.

169 1943 248 1996 tunc
272 1935 387 2015 inopes
410 1934 520 1998 undae
543 1943 727 2016 praerupta,
746 1935 878 2016 cingere
901 1932 992 1998 fossa

171 2035 294 2100 Caesar
316 2046 395 2099 auet
419 2056 480 2098 nec
503 2046 612 2099 castra
634 2037 703 2119 pati
727 2038 921 2118 contingere
945 2037 1045 2119 ripas,
1140 2032 1190 2112 565

170 2149 227 2203 aut
250 2141 373 2205 circum
397 2141 508 2224 largos
531 2143 660 2205 curuari
683 2141 839 2205 bracchia
863 2141 983 2206 fontes.

214 2254 250 2307 ut
272 2244 329 2307 leti
354 2245 467 2308 uidere
491 2246 579 2308 uiam
603 2266 784 2309 conuersus
807 2247 840 2308 in
864 2247 947 2309 iram

170 2350 387 2432 praecipitem
411 2349 511 2413 timor
534 2359 592 2413 est.
640 2350 734 2413 miles
758 2370 824 2412 non
849 2349 930 2412 utile
953 2348 1076 2412 clausis

170 2453 333 2515 auxilium
359 2455 520 2516 mactauit
543 2475 665 2536 equos:
696 2453 901 2535 tandemque
924 2461 1061 2514 coactus

172 2578 231 2638 spe
254 2559 364 2637 posita
387 2558 546 2620 damnare
570 2557 684 2638 sugam
708 2577 844 2619 casurus
867 2557 900 2618 in
924 2554 1040 2618 hostes
1140 2566 1194 2630 270

170 2660 279 2721 sertor.
327 2668 362 2721 ut
386 2659 491 2721 effuso
516 2659 638 2724 Caesar
662 2660 835 2723 decurrere
859 2679 958 2740 passu

169 2763 253 2824 uidit
277 2773 310 2825 et
334 2763 376 2824 ad
399 2773 523 2824 certam
548 2765 690 2826 deuotos
714 2763 851 2826 tendere
875 2775 1038 2825 mortem:

169 2866 236 2928 tela
259 2876 335 2929 tene
360 2869 434 2939 iam,
460 2866 563 2942 miles,
586 2868 641 2938 ait,
666 2867 855 2947 ferrumque
879 2865 986 2927 ruenti

117 3046 171 3091 251.
196 3029 349 3089 rtscelemm]
372 3029 519 3077 Thislineis
527 3029 632 3079 omitted
640 3030 664 3077 in
705 3028 766 3077 such
784 3043 816 3076 an
836 3025 998 3091 advantage’,
1018 3027 1064 3077 i.e.
1083 3042 1110 3076 as
1129 3023 1214 3090 pulling
1226 3017 1253 3066 ll!

84 3111 158 3155 many
168 3094 255 3143 MSS.:
275 3094 316 3142 the
329 3094 460 3156 repetition
468 3093 496 3141 ol
504 3095 611 3142 scelusin
623 3094 666 3142 the
704 3110 793 3156 enemy
805 3094 831 3142 in
843 3093 885 3141 the
896 3108 992 3156 wrong.

84 3159 231 3221 succeeding
243 3159 292 3206 line
305 3160 387 3207 would
400 3160 430 3206 be
443 3175 501 3221 very
513 3160 645 3208 awkward.
739 3174 793 3224 259.
827 3158 886 3219 eris]
899 3158 974 3207 ‘thou
986 3157 1040 3208 wilt
1055 3159 1086 3207 be
1103 3155 1175 3206 found
1187 3163 1209 3202 to
1219 3143 1254 3200 bt'·

118 3238 173 3283 555.
203 3224 298 3286 pereat]
315 3229 393 3272 ‘went
411 3223 448 3272 sor
471 3222 598 3288 nothing',
623 3224 662 3273 ie.
704 3223 736 3271 cs.
749 3231 808 3272 note
822 3235 928 3285 on131.

84 3305 148 3337 were
159 3303 192 3335 no
204 3288 287 3337 crime.
738 3288 805 3373 ²⁶⁰¹,
830 3288 932 3348 iunctis]
953 3288 993 3337 i.e.
1021 3304 1037 3336 a
1062 3304 1135 3352 camp
1159 3285 1257 3346 adyornut

84 3369 171 3467 aiil·
184 3353 365 3467 ,rathath
381 3353 666 3480 llilpaiidiiesslei‘f
704 3353 798 3467 ciii?
806 3369 826 3401 ⁵·
840 3419 975 3478 sarman]
998 3417 1072 3482 1...
1094 3414 1197 3467 anan
1215 3405 1258 3460 aa

86 3484 115 3531 C.
131 3495 138 3530 1
153 3497 181 3544 75
192 3482 319 3545 productos
325 3483 413 3545 palam
423 3484 451 3529 in
456 3485 580 3546 practorio
589 3485 665 3532 inter·
704 3482 796 3546 ssight'.

79 3549 180 3611 ficiunt.
736 3548 831 3608 obuius]
847 3551 969 3598 ‘sentout
983 3555 1010 3597 to
1023 3557 1090 3598 meet
1101 3545 1185 3597 them'.
1230 3605 1234 3616 ι

120 3629 176 3674 555.
221 3612 340 3674 agrenscrs]
371 3612 436 3659 ‘dost
467 3614 595 3673 recognize
624 3614 667 3662 the
740 3612 794 3661 266.
813 3621 859 3661 aut
870 3613 976 3674 circum]
990 3620 1050 3663 ‘nor
1059 3622 1087 3663 to
1098 3603 1259 3663 embnoentl·

86 3678 172 3725 favour
189 3677 217 3725 os
231 3677 325 3725 heaven
333 3677 347 3734 '‚
368 3677 408 3724 ie.
421 3677 508 3725 shown
521 3679 553 3741 by
564 3678 667 3741 making
704 3677 729 3725 in
742 3678 774 3726 its
786 3679 898 3741 winding
910 3679 973 3728 lines
984 3679 1116 3728 abundant
1128 3674 1230 3743 springs'·

86 3743 124 3790 his
138 3743 246 3791 enemies
263 3742 350 3806 guilty.
387 3741 667 3803 cl11537dr'melius
739 3742 794 3805 567.
829 3743 991 3804 leli—uiam]
1010 3745 1068 3794 ‘the
1084 3744 1145 3808 path
1161 3731 1261 3806 hywffl

85 3808 141 3854 belli
161 3807 458 3869 1151111155ῳιοιίιίαηιηα
476 3809 577 3869 priores.
612 3809 667 3857 The
704 3807 779 3855 death
791 3808 972 3871 approached',
988 3810 1030 3858 he.
1042 3809 1086 3858 the
1098 3809 1158 3858 kind
1173 3806 1199 3855 ol
1209 3796 1262 3852 dest

87 3873 167 3919 words
184 3872 237 3919 also
257 3871 378 3935 probably
398 3871 485 3933 imply,
507 3873 574 3920 ‘dost
598 3873 667 3921 show
705 3872 786 3920 which
801 3873 946 3922 threatened
964 3875 1043 3923 them.
1077 3870 1261 3937 ct'.Verg-G.1l¹

86 3936 130 3998 thy
154 3946 247 3999 respect
272 3936 308 3983 ior
329 3935 370 3982 the
392 3935 475 3997 gods¹,
501 3936 541 3984 ie.
567 3938 601 4000 by
623 3947 666 3987 not
704 3938 749 3995 485
764 3953 806 3985 uec
817 3938 860 3985 αῖα
873 3939 959 3986 mortis
969 3948 1024 3987 erat
1034 3941 1146 4003 simplex.

87 4000 207 4063 inflicting
226 4002 320 4048 similar
340 4000 453 4047 cruelties
478 4017 511 4048 on
531 4001 573 4050 the
594 4004 667 4050 Pom·
738 4016 793 4062 270.
827 4003 960 4064 dammae]
990 4004 1028 4053 ‘in
1058 4005 1123 4054 their
1145 3999 1264 4067 despsirtt

88 4066 180 4127 pelans.
214 4066 244 4113 cl.
270 4066 324 4113 Cic.
345 4065 377 4112 de
395 4065 446 4112 diu.
466 4078 479 4115 J
500 4071 512 4123 5·
534 4082 577 4127 ¹3²
600 4083 668 4115 nunc
704 4066 779 4129 reject
792 4067 835 4116 the
846 4068 953 4132 thought
966 4069 995 4117 ot
1004 4069 1098 4135 flight'.
1129 4060 1266 4135 civtustly

88 4130 132 4176 illa
151 4131 253 4178 testabor
275 4146 324 4177 uon
344 4146 381 4176 me
398 4131 519 4192 sortilegos
537 4148 612 4194 reaque
631 4149 668 4180 eos
705 4131 768 4179 Plio.
787 4133 821 4182 H.
838 4133 871 4180 N.
886 4137 963 4192 1111ιὲ
977 4148 1023 4199 179
1033 4136 1124 4196 (boues)
1134 4131 1267 4198 mgricolonl

87 4195 134 4255 qui
159 4203 273 4256 quaestus
300 4210 374 4241 causa
398 4195 552 4241 hariolentur
567 4212 598 4242 ne
609 4204 666 4259 psy·
704 4198 996 4248 caredidiueadlaborem
1008 4200 1177 4248 damnantur.

87 4258 224 4304 (hernantio
233 4259 338 4321 quidem,
351 4259 440 4321 qur'dus
459 4260 554 4322 Appius
570 4261 667 4309 amicus
737 4263 851 4322 camrus]
867 4268 905 4311 ‘to
916 4265 1013 4313 certain
1026 4264 1128 4315 death’.

88 4329 145 4367 treus
157 4324 197 4368 utr'
206 4324 299 4378 solebat,
314 4338 445 4385 agnoscere.
739 4339 794 4387 575.
819 4327 893 4391 effuso
899 4329 989 4392 passae]
1004 4330 1080 4379 ‘with
1093 4331 1166 4394 hasty
1176 4324 1251 4392 steps'.

27 4435 31 4445 ¹
122 4401 177 4447 2⁵7·
211 4387 373 4446 natantum]
391 4393 448 4436 ‘nor
459 4387 526 4437 didst
538 4389 598 4438 thou
610 4391 667 4454 gain
740 4403 795 4452 273.
813 4389 1270 4458 femmqusnaemisubrmherwittr
