2746 4884
495 302 622 363 GOOD
648 304 788 364 LINES

96 463 121 506 11
194 473 236 512 120
264 469 292 514 et
310 460 429 516 miseras
447 459 529 515 bellis
547 460 678 516 civilibus
696 461 774 533 eripe
792 472 888 518 terras.

192 547 232 618 185
262 565 353 618 usque
372 549 481 604 adeone
498 549 584 606 times
602 566 687 620 quem
705 559 736 605 tu
754 550 825 606 facis
844 551 905 622 ipse
923 551 1099 606 timendum?

187 635 233 702 284
261 634 411 706 paullatim
429 637 506 692 cadit
524 637 567 692 ira
584 637 663 693 ferox
681 647 848 707 mentesque
866 647 1021 708 tepescunt.

186 726 233 793 336
263 735 374 796 spectat
391 725 500 781 vicinos
520 726 619 783 sitiens
637 727 776 783 exercitus
794 743 901 782 amnes.

184 827 231 882 392
262 823 290 869 et
309 814 417 869 Caesar
434 831 484 884 per
502 823 544 870 tot
563 831 616 869 sua
632 815 693 870 sata
711 813 880 886 sequendus.

185 913 231 971 515
263 901 353 957 vitare
371 901 508 957 instantia
526 903 623 958 nolim.

183 988 231 1057 798
262 988 382 1058 impiger
399 990 437 1045 ad
455 990 543 1045 letum
562 1000 590 1044 et
609 989 690 1046 fortis
707 989 811 1047 virtute
829 1000 936 1046 coacta

198 1125 232 1179 34
262 1110 361 1167 ordine
379 1111 416 1168 de
433 1120 514 1167 tanto
532 1111 661 1184 quisquis
679 1129 737 1167 non
756 1112 864 1166 exsulat
882 1112 928 1167 hic
946 1121 999 1167 est.

182 1211 232 1264 274
262 1197 331 1269 quid
350 1198 419 1254 satis
437 1208 482 1255 est
501 1199 525 1253 si
545 1201 639 1254 Roma
657 1200 777 1269 pamm?

181 1286 232 1354 283
263 1286 300 1341 sit
319 1296 429 1357 praeter
446 1286 557 1357 gladios
575 1287 690 1358 aliquod
708 1287 761 1342 sub
781 1288 904 1342 Caesare
922 1285 1020 1341 iatum.

69 1413 92 1457 tu
135 1405 232 1477 ¹⁶⁴-5
264 1407 413 1476 vincimus,
433 1426 451 1463 o
469 1408 554 1474 socii;
578 1408 672 1463 veniet
691 1407 738 1480 qui
757 1408 880 1463 vindicet
899 1423 978 1463 arces

263 1493 332 1549 dum
350 1495 493 1550 morimur.

180 1581 231 1637 262
262 1582 367 1653 infelix,
385 1593 492 1655 quauta
511 1583 659 1640 dominum
677 1584 781 1641 virtute
800 1584 912 1656 parasti.

63 1711 94 1755 111
144 1703 235 1772 95-6
713 1705 806 1760 civilia
823 1706 899 1761 bella

261 1791 367 1860 gesturi
386 1801 514 1847 metuunt
533 1810 569 1848 ne
587 1810 645 1848 non
664 1811 728 1849 cum
748 1794 885 1864 sanguine
902 1795 1038 1849 vincant?

182 1892 233 1947 130
262 1877 407 1951 faciesque
425 1879 568 1934 simillima
586 1880 653 1936 t‘ato.

181 1980 233 2037 253
265 1967 293 2021 in
312 1968 445 2023 manibus
463 1968 573 2038 vestris,
591 1981 713 2041 quantus
732 1972 768 2025 sit
789 1971 901 2039 Caesar,
919 1969 1038 2026 habetis.

120 2068 229 2123 311-2
260 2054 299 2124 di,
317 2071 438 2126 quorum
456 2072 539 2111 curas
557 2056 675 2112 abduxit
693 2059 731 2113 ab
750 2059 862 2113 aethere
881 2058 963 2113 tellus

263 2145 465 2215 Romanusque
483 2144 571 2199 labor.

177 2229 229 2299 362
260 2240 321 2287 1010
339 2231 423 2285 simul
441 2231 546 2285 utimur
564 2231 639 2287 orbe.

175 2331 230 2388 734
260 2318 329 2373 dum
347 2318 460 2374 fortuna
477 2320 559 2388 calet,
579 2319 649 2374 dum
667 2318 780 2373 conficit
799 2317 896 2374 omnia
913 2327 1008 2374 terror.

63 2455 93 2497 ·11
178 2455 227 2509 123
258 2450 326 2509 1012,
345 2450 482 2512 quantum
500 2441 583 2509 valet,
602 2451 679 2496 utere
700 2441 812 2513 1151101

176 2529 230 2595 484
262 2530 305 2583 ius
323 2538 351 2583 et
369 2528 412 2583 125
430 2529 535 2583 multos
553 2528 667 2596 faciunt,
690 2529 858 2596 ptolemaee,
877 2527 1012 2583 nocentis.

119 2631 230 2688 531-3
261 2625 327 2671 ante
345 2617 436 2671 aciem
456 2615 620 2671 Emathiam
638 2616 722 2671 nullis
741 2615 912 2670 accessimus
930 2615 1035 2669 armis:

262 2702 388 2772 Pompeii
406 2719 483 2757 nunc
502 2712 595 2756 castra
613 2703 734 2773 placent,
752 2719 826 2774 quae
844 2701 947 2756 deserit
966 2701 1062 2755 orbis?

258 2807 334 2846 nunc
352 2789 466 2845 victoris
485 2807 554 2860 opes
572 2800 601 2845 et
619 2791 733 2860 cognita
750 2790 809 2845 sata
826 2789 963 2845 lacessis?

113 2883 224 2950 640-1
257 2881 382 2937 1111111111
400 2881 451 2936 tibi
470 2897 557 2936 causa
575 2896 672 2936 morae
691 2880 743 2934 fuit
762 2881 826 2935 avia
845 2881 961 2947 Lesbos,

258 2979 286 3024 11
305 2968 382 3039 prior
399 2967 428 3023 in
449 2968 508 3022 Nili
527 2967 654 3038 pervenit
672 2968 754 3022 litora
774 2967 885 3022 Caesar.

63 3107 69 3147 1
97 3106 230 3162 229-30
361 3081 365 3089 ’
402 3091 449 3146 1111
466 3091 539 3146 iacet
558 3107 643 3161 quern
661 3090 725 3160 paci
743 3089 873 3159 praetulit
892 3089 977 3156 orbis,

259 3194 400 3248 causaque
419 3188 516 3233 nostra
533 3177 613 3248 perit.

121 3267 230 3334 246-7
261 3266 358 3320 clausa
376 3266 447 3320 fides
466 3264 585 3332 miseris,
604 3274 632 3319 et
651 3274 711 3319 toto
730 3264 806 3319 solus
825 3263 853 3317 in
872 3263 940 3319 orbe
958 3274 1001 3319 est

259 3354 307 3426 qui
326 3353 392 3409 velit
412 3371 446 3409 ac
465 3354 555 3424 pessit
574 3353 655 3408 victis
674 3363 818 3424 praestare
837 3352 964 3407 salutem.

121 3443 230 3515 576-7
273 3496 277 3501 .
510 3442 620 3497 51111115
639 3458 692 3496 nec
709 3442 775 3512 legit
794 3441 915 3495 harenas

259 3538 289 3583 ut
308 3539 421 3583 caneret
438 3528 545 3599 paucis,
565 3527 719 3599 mersitque
736 3529 790 3582 hoc
809 3527 923 3598 pulvere
941 3542 1045 3582 verum.

176 3616 229 3683 884
260 3615 393 3670 omnibus
411 3633 483 3671 unus
502 3617 583 3671 adest
602 3615 675 3671 fatis.

174 3706 229 3776 963
259 3716 288 3761 et
307 3705 427 3760 multum
446 3704 576 3759 debentis
595 3703 706 3759 vatibus
725 3703 847 3757 umbras.

158 3808 226 3866 1015
258 3805 295 3865 11,
314 3794 391 3866 quod
412 3794 505 3850 adhuc
524 3793 625 3860 nescis,
644 3809 750 3863 genero
768 3809 866 3847 secure
883 3801 1037 3863 perempto

183 3927 230 3984 105
262 3913 356 3967 voltus
373 3913 455 3967 adest
473 3911 603 3983 precibus
622 3911 765 3981 faciesque
784 3911 892 3966 incesta
910 3921 1028 3981 perorat.

125 4002 232 4069 182-3
652 3998 716 4069 quis
734 3998 845 4068 dignior
861 4014 997 4067 umquam

258 4089 313 4144 hoc
332 4087 383 4142 fuit
402 4086 508 4155 auditu,
527 4086 681 4158 mundique
699 4086 830 4156 capacior
847 4085 971 4155 hospes?

122 4178 231 4248 358-9
649 4173 776 4243 interque
795 4173 911 4227 maritos

257 4263 417 4318 discurrens
437 4265 585 4333 Aegypton
605 4261 690 4317 habet
712 4262 887 4330 Romamque
904 4268 1034 4313 meretur.
