2746 4884
90 322 150 386 066
420 321 605 390 LUCANI
639 320 956 388 PHARSALIAE

170 488 335 553 nescimus
359 489 452 553 cuius
475 488 606 553 sceleris
628 488 672 553 sit
695 487 846 552 maxima
868 487 1019 552 merces?

170 590 217 654 nil
240 600 352 656 actum
376 601 427 657 est
450 591 547 656 bellis
571 592 598 655 si
621 591 772 656 nondum
795 590 957 673 comperit
979 590 1062 654 istas

170 697 283 761 omnia
306 718 404 781 posse
428 718 555 762 manus.
600 718 661 762 nec
683 697 733 761 sas
757 717 818 761 nec
838 694 974 760 uincula
996 695 1077 761 iuris

169 801 233 864 hoc
256 802 379 866 audere
402 809 526 867 uetant.
574 800 684 865 Rheni
708 800 790 865 mihi
812 800 937 866 Caesar
959 799 993 863 in
1016 799 1117 864 undis

170 904 241 968 dux
258 913 338 983 erat,
353 905 407 970 hic
422 905 538 969 socius
585 904 712 970 facinus
727 925 811 988 quos
827 904 981 988 inquinat
995 913 1128 990 aequat.
1140 920 1197 986 290

170 1011 259 1075 adde
280 1013 370 1095 quod
394 1012 526 1097 ingrato
550 1013 743 1076 meritorum
767 1012 875 1076 iudice
896 1011 1004 1076 uirtus

170 1124 284 1179 nostra
306 1117 399 1199 perit
445 1115 607 1199 quidquid
631 1116 777 1199 gerimus
800 1115 932 1179 fortuna
956 1124 1104 1181 uocatur.

170 1239 232 1282 nos
255 1217 361 1282 fatum
385 1218 468 1283 sciat
491 1240 563 1283 esse
586 1240 689 1283 suom.
735 1218 813 1284 licet
835 1238 935 1283 omne
958 1221 1098 1286 deorum

172 1323 369 1405 obsequium
392 1343 523 1406 speres:
553 1323 638 1387 irato
661 1322 775 1400 milite,
799 1322 930 1401 Caesar,

171 1427 331 1510 pax'erit.
377 1426 459 1490 haec
482 1425 578 1504 fatus,
601 1427 682 1491 totis
705 1427 888 1491 discurrere
910 1426 1030 1492 castris
1137 1440 1186 1509 295

170 1540 325 1615 coeperat
348 1529 536 1614 infestoque
558 1530 679 1595 ducem
703 1530 882 1614 deposcere
903 1529 1008 1595 uoltu.

214 1634 261 1698 sic
284 1641 348 1709 eat,
370 1654 391 1696 o
413 1633 533 1716 superi,
555 1632 692 1715 quando
715 1633 889 1716 pietasque
911 1631 1064 1716 fidesque

170 1738 358 1804 destituunt
382 1758 557 1821 moresque
579 1737 687 1802 malos
710 1757 843 1820 sperare
866 1737 1019 1802 relictum
1044 1743 1109 1814 est;

170 1843 271 1908 finem
295 1842 383 1906 ciuili
407 1843 507 1906 saciat
528 1842 694 1907 discordia
716 1840 814 1906 bello

170 1968 269 2031 quem
294 1968 360 2011 non
385 1946 438 2011 ille
461 1948 581 2011 ducem
604 1947 715 2031 potuit
737 1954 860 2010 terrere
882 1944 1071 2009 tumultus?
1137 1957 1186 2024 300

170 2052 240 2117 sata
264 2054 321 2117 sed
346 2053 378 2116 in
403 2072 562 2136 praeceps
584 2050 702 2115 solitus
725 2050 904 2115 demittere
927 2048 1056 2115 Caesar

170 2157 405 2240 fortunamque
427 2176 522 2220 suam
545 2177 606 2239 per
626 2175 759 2219 summa
782 2152 929 2238 pericula
951 2153 1101 2238 gaudens

170 2282 325 2326 exercere
348 2262 457 2325 uenit:
488 2261 653 2325 necdum
676 2259 848 2324 desaeuiat
872 2260 919 2323 ira

170 2373 362 2448 exspectat:
392 2365 521 2429 medios
544 2373 700 2449 properat
721 2373 889 2447 temptare
911 2362 1048 2427 furores

170 2488 237 2532 non
262 2468 326 2532 illis
349 2469 446 2532 urbes
469 2467 710 2552 spoliandaque
733 2467 861 2551 templa
884 2476 1042 2551 negasset
1138 2473 1184 2542 305

170 2572 416 2655 Tarpeiamque
440 2573 530 2636 Iouis
553 2574 667 2637 sedem
691 2582 881 2655 matresque
905 2581 1042 2636 senatus

169 2695 390 2757 passurasque
413 2675 550 2738 infanda
573 2695 682 2738 nurus.
728 2675 799 2739 uolt
823 2677 936 2739 omnia
960 2682 1050 2738 certe

170 2797 190 2840 a
212 2798 248 2840 sc
271 2798 372 2841 saeua
394 2779 473 2860 peti,
496 2777 568 2841 uolt
590 2779 740 2861 praemia
763 2778 883 2842 Martis
907 2778 1032 2842 amari:

169 2879 284 2943 militis
308 2880 461 2944 indomiti
484 2889 617 2955 tantum
641 2901 736 2944 mens
759 2901 841 2944 sana
864 2880 1011 2945 timetur.

170 3005 237 3047 non
261 2986 365 3067 pudet
388 2983 461 3060 heu,
486 2985 618 3060 Caesar,
640 2984 701 3047 soli
725 2985 786 3048 tibi
811 2984 899 3049 bella
921 2982 1056 3067 placere
1140 2994 1192 3062 300

170 3088 236 3150 iam
261 3087 415 3152 manibus
438 3088 599 3153 damnata
621 3089 712 3152 tuis?
743 3089 805 3152 hos
828 3097 908 3153 ante
932 3088 1064 3172 pigebit

170 3191 364 3274 sanguinis?
395 3191 446 3255 his
469 3191 544 3256 ferri
566 3213 669 3276 graue
692 3194 742 3256 ius
766 3194 851 3257 erit?
881 3194 955 3275 ipse
978 3213 1040 3278 per
1062 3212 1158 3257 omne

116 3373 171 3424 086.
204 3376 275 3424 cuius
290 3376 390 3437 scelcrrh]
406 3376 450 3426 i.e.
468 3376 510 3427 the
527 3379 626 3428 murder
643 3377 672 3426 oi
707 3386 763 3442 part
775 3379 804 3428 oi
812 3379 856 3429 the
866 3379 980 3429 soldiers.

83 3441 184 3501 Caesar,
198 3441 262 3490 their
272 3457 328 3489 own
340 3443 432 3490 leader.
741 3447 798 3509 098.
826 3444 977 3506 destituunt]
990 3435 1224 3496 Fortheabsenotd

116 3507 171 3569 287.
205 3506 327 3569 conrpcril]
339 3507 383 3555 i.e.
397 3507 464 3554 miles
475 3509 521 3571 qui
529 3508 665 3572 bellagerit.
707 3509 791 3573 object
801 3509 834 3559 ci.
846 3519 906 3560 note
915 3526 949 3560 on
964 3523 985 3561 11
1000 3514 1058 3575 708.

115 3570 186 3631 istas]
202 3570 282 3620 ‘these
293 3571 373 3619 hands
385 3571 413 3620 os
421 3571 480 3620 his’.
741 3591 797 3638 30¹·
827 3577 856 3624 in
863 3583 981 3641 praeceps
991 3576 1130 3638 demittere]
1143 3573 1226 3625 ‘tomi

117 3638 172 3685 088.
207 3652 249 3684 nec
268 3636 315 3698 sas
342 3652 384 3684 nec
405 3637 509 3685 uincula
532 3638 607 3699 turis]
635 3637 667 3688 ci.
707 3639 761 3688 into
778 3640 821 3689 the
838 3648 932 3691 utmost
950 3641 1037 3706 peril'‚
1053 3659 1070 3692 a
1086 3633 1226 3717 metaphorfi

84 3701 157 3764 Verg.
171 3700 203 3749 G.
217 3712 225 3747 1
239 3700 286 3763 069
290 3701 336 3762 fiis
347 3707 369 3748 et
379 3702 437 3748 iura
448 3703 546 3750 sinunt.
707 3705 750 3754 the
761 3721 845 3764 arena,
860 3706 891 3754 cs.
907 3700 962 3756 Cic.
978 3707 1011 3756 ad
1029 3707 1090 3757 iam.
1106 3719 1124 3756 x
1135 3705 1226 3763 nutu

116 3781 170 3828 090.
207 3765 314 3827 ingrato]
339 3768 395 3814 ‘our
423 3766 509 3814 vaiour
531 3766 552 3815 is
573 3768 667 3818 wasted
708 3771 736 3817 in
747 3772 1225 3837 eunicasummcfmunadtmisissetri

83 3829 244 3904 throughuthe
256 3831 406 3892 ingratitude
417 3830 445 3879 oi
453 3831 505 3879 him
513 3832 570 3881 who
578 3833 668 3897 judges
707 3835 774 3884 Oud.
788 3835 821 3885 cs.
835 3837 968 3900 Id.1xi3
984 3854 1043 3887 cum
1060 3840 1190 3888 necinus
1201 3840 1226 3882 Μ

81 3909 127 3942 our
138 3893 263 3943 servrees'.
706 3901 856 3949 lmtr'ssimas
868 3903 1052 3966 &fidelissimis
1063 3906 1133 3953 soai's
1142 3898 1226 3952 demtiss

84 3975 174 4071 ιν(99ξέ
186 3975 253 4071 hiiod
254 3959 355 4088 gqpppr’]
368 3959 413 4008 ‘let
429 3960 520 4009 Caesar
532 3962 600 4010 leam
612 3964 666 4012 that
706 3980 814 4079 ι1199ιῇ1
838 3968 920 4080 uergit]
943 3968 986 4017 i.e.
1013 3969 1114 4084 iqseqiead
1136 3969 1163 4018 oi
1174 3963 1226 4032 jugi

213 4061 218 4070 .
348 4058 354 4070 .
482 4048 488 4061 ·
733 4046 740 4077 1
815 4047 862 4080 ave
892 4048 939 4081 een
952 4049 982 4082 ex
1078 4070 1085 4084 .

115 4103 185 4135 omne
206 4089 315 4149 demum]
341 4089 433 4138 ‘entire
457 4091 612 4155 compliance
634 4108 667 4142 on
740 4047 797 4158 ξογ.
832 4097 926 4159 nurus]
939 4097 971 4147 cf.
984 4049 1049 4149 hhie
1060 4116 1096 4149 on
1109 4111 1119 4148 0
1134 4098 1183 4162 063.

85 4149 127 4199 the
139 4160 194 4214 part
205 4151 234 4225 oi
241 4152 356 4201 heuven'.
740 4176 796 4222 311.
831 4160 1226 4225 manibustc.milir13us‚ci·³

117 4230 173 4280 097.
205 4232 239 4264 stc
249 4217 297 4277 eut]
308 4217 338 4266 cs.
354 4224 412 4267 note
422 4235 455 4267 on
468 4230 487 4266 11
501 4236 556 4283 304.
707 4238 763 4286 050.

116 4280 226 4341 quando]
242 4281 321 4330 'since
337 4282 431 4345 loyalty
446 4285 495 4332 und
511 4285 609 4335 honour
624 4287 666 4336 fail
739 4304 795 4351 3¹²·
830 4291 871 4339 ln's
884 4292 956 4354 ferri
968 4310 1053 4357 graue
1069 4297 1113 4345 ius
1129 4292 1201 4355 ΜΠ]
1215 4295 1226 4336 '²

86 4358 123 4416 us,
143 4345 192 4391 and
210 4344 244 4392 all
262 4362 301 4420 ue
317 4347 381 4421 hqve
399 4348 443 4396 lest
462 4357 488 4396 to
506 4349 572 4414 hope
591 4351 628 4400 sor
646 4353 667 4401 is
707 4354 749 4403 the
768 4355 861 4405 license
879 4357 909 4406 oi
923 4358 967 4408 the
987 4362 1075 4410 sword
1095 4362 1129 4412 be
1145 4363 1226 4426 grim

86 4405 258 4470 wrckedness’,
280 4424 319 4460 ne.
342 4412 554 4464 rusubordination
571 4432 604 4465 on
624 4417 666 4469 the
706 4419 771 4469 their
783 4422 869 4486 eyesi'
882 4422 925 4474 i.e.
938 4439 1032 4476 sooner
1043 4425 1107 4477 than
1118 4427 1145 4477 in
1156 4438 1226 4492 70010
