2746 4884
387 108 534 174 LIBER
566 109 625 173 IV.
658 110 838 191 739—786.

90 271 288 337 uolneribus
311 281 477 355 coguntur
499 273 584 355 equi.
629 292 690 337 nec
713 271 838 355 profuit
861 271 918 336 ulli

89 375 285 460 cornipedis
307 377 436 460 rupisse
460 396 591 440 moras:
621 395 730 459 neque
752 375 840 439 enim
865 376 1010 459 impetus
1033 374 1098 439 illis

88 481 312 565 incursusque
335 481 420 546 suit:
449 489 584 546 tantum
607 481 772 565 profertur
793 482 836 545 ad
860 480 973 544 hostes

88 597 126 652 et
151 587 298 670 spatium
323 585 439 651 iaculis
462 586 578 650 oblato
601 585 737 650 uolnere
758 586 871 650 donat.

89 701 127 756 at
152 713 261 776 uagus
284 692 371 758 Aser
392 713 498 777 equos
518 701 555 756 ut
574 691 719 775 primum
740 692 851 755 emisit
871 691 904 754 in
923 712 1044 775 agmen
1068 691 1129 773 765

90 803 166 859 tum
192 797 302 879 campi
326 805 493 860 tremuere
516 815 620 859 sono:
651 803 805 876 terraque
827 793 946 869 soluta,

89 908 241 983 quantus
265 899 416 965 Bistonio
440 910 615 984 torquetur
637 899 769 964 turbine
792 898 911 981 puluis,

91 1023 172 1067 aera
196 1003 284 1068 nube
306 1024 368 1068 sua
389 1004 479 1068 texit
501 1004 673 1087 traxitque
695 1002 857 1066 tenebras.

91 1116 131 1171 ut
154 1126 236 1169 uero
259 1107 292 1170 in
317 1107 447 1190 pedites
471 1107 577 1172 satum
602 1106 790 1170 miserabile
811 1104 891 1169 belli

92 1204 266 1274 incubuit:
296 1209 390 1275 nullo
412 1211 505 1276 dubii
529 1210 720 1275 discrimine
743 1209 863 1273 Martis
1066 1224 1132 1291 770

92 1313 260 1397 ancipites
282 1322 447 1379 steterunt
470 1335 566 1379 casus
589 1313 648 1378 sed
671 1323 824 1397 tempora
847 1333 981 1397 pugnae

94 1439 187 1483 mors
210 1419 326 1483 tenuit
372 1419 592 1503 nequeenim
616 1418 708 1482 licuit
731 1438 921 1502 procurrere
943 1426 1059 1481 contra

93 1533 128 1588 et
152 1522 294 1587 miscere
317 1543 444 1588 manus.
490 1524 537 1587 sic
560 1523 708 1605 undique
730 1532 847 1606 saepta
870 1523 1025 1587 iuuentus

94 1626 285 1689 comminus
308 1626 452 1710 obliquis
476 1635 509 1690 et
533 1625 629 1689 rectis
651 1626 781 1689 eminus
803 1624 907 1689 hastis

95 1728 269 1794 obruitur:
300 1750 366 1793 non
392 1730 582 1794 uolneribus
606 1751 667 1794 nec
690 1731 861 1812 sanguine,
885 1729 992 1794 solum
1068 1742 1146 1810 775·

95 1831 242 1896 telorum
265 1832 380 1896 nimbo
404 1835 550 1917 peritura
573 1836 613 1897 ac
635 1833 784 1916 pondere
806 1833 890 1897 ferri.

94 1955 175 2018 ergo
199 1936 288 2000 acies
310 1945 425 2001 tantae
447 1952 587 2021 paruom
611 1939 796 2021 spissantur
820 1939 852 2001 in
875 1937 1011 2001 orbem:

95 2039 185 2102 acsi
209 2039 283 2122 quis
307 2049 460 2104 metuens
484 2042 632 2105 medium
656 2042 817 2124 correpsit
841 2040 873 2104 in
897 2061 1018 2123 agmen

96 2143 155 2206 uix
180 2144 316 2227 impune
337 2165 416 2209 suos
437 2146 522 2209 inter
543 2146 746 2210 conuertitur
768 2166 872 2209 enses.

96 2248 322 2330 densaturque
344 2247 473 2331 globus,
495 2258 658 2331 quantum
680 2248 767 2331 pede
789 2249 896 2331 prima
920 2248 1024 2312 relato
1069 2248 1133 2328 780

96 2350 299 2413 constrinxit
321 2370 423 2433 gyros
446 2352 541 2415 acies.
587 2371 654 2414 non
678 2371 771 2415 arma
794 2351 950 2415 mouendi

97 2453 163 2517 iam
188 2452 280 2517 locus
303 2462 353 2517 est
376 2455 507 2536 pressis,
531 2455 722 2536 stipataque
745 2453 895 2517 membra
918 2462 1087 2517 teruntur:

97 2555 261 2639 frangitur
282 2566 450 2620 armatum
473 2557 590 2621 colliso
613 2565 748 2640 pectore
771 2567 895 2640 pectus

97 2678 164 2722 non
189 2669 259 2722 tam
283 2658 370 2723 laeta
394 2660 471 2723 tulit
494 2661 600 2724 uictor
622 2661 812 2744 spectacula
835 2660 973 2724 Maurus

96 2783 199 2847 quam
224 2763 371 2828 Fortuna
393 2764 516 2829 dabat:
548 2764 667 2828 fluuios
690 2785 756 2828 non
780 2763 834 2828 ille
857 2764 980 2828 cruoris
1068 2765 1129 2846 785

98 2867 391 2951 membrorumque
415 2869 509 2934 uidet
530 2869 662 2953 lapsum
685 2877 719 2932 et
741 2868 892 2932 ferientia
915 2877 1036 2932 terram

48 3086 99 3151 761.
130 3089 307 3152 uolnenlus]
300 3105 341 3138 1..e
359 3105 386 3139 as
404 3090 447 3139 the
463 3105 535 3155 spurs
552 3106 594 3140 are
635 3099 680 3141 not
692 3091 764 3177 hang
778 3091 901 3141 balanced
917 3097 942 3141 at
953 3091 1005 3141 all
999 3108 1025 3141 ru
1037 3091 1080 3141 the
1091 3091 1182 3141 hazard
1194 3093 1223 3143 of

45 3170 114 3212 ruse,
133 3156 196 3219 they
214 3162 254 3218 try
271 3163 298 3204 to
316 3155 360 3205 stir
379 3171 412 3220 up
427 3155 493 3205 their
509 3156 596 3205 horses
635 3157 706 3215 war’,
727 3157 768 3206 i..e
780 3157 799 3207 it
812 3173 1024 3207 wasamassacre
1035 3157 1119 3207 rather
1131 3158 1218 3208 thana

45 3219 261 3272 lhtheirswords.
634 3223 720 3272 battle.

47 3284 99 3350 762.
132 3302 210 3351 neque
228 3285 304 3348 enim]
340 3284 394 3334 ‘lor
413 3286 472 3350 they
491 3287 542 3335 had
562 3302 595 3335 no
669 3301 722 3350 774·
761 3287 910 3348 comminus]
931 3287 978 3350 ‘by
996 3287 1109 3352 sidelong
1126 3289 1218 3338 sword·

45 3366 94 3402 mer
105 3360 132 3402 to
143 3351 202 3401 msh
214 3352 264 3400 and
276 3351 367 3415 charge
378 3351 421 3401 the
433 3349 493 3400 loe'.
634 3352 714 3402 blows
725 3361 750 3402 at
761 3352 828 3402 close
839 3361 951 3418 quarters
966 3353 1016 3401 and
1031 3369 1115 3418 spears
1130 3355 1219 3404 hurled

46 3416 99 3479 764.
45 3417 262 3598 Ξὦιςῗιιήιηιι..
256 3416 398 3477 ..Δοηιιι1ί
401 3432 472 3466 savos
492 3417 545 3466 him
566 3433 595 3468 so
637 3418 743 3483 straight
756 3416 990 3468 fromadistance'.

152 3491 180 3532 et
137 3480 252 3612 Pyrengz
268 3482 595 3611 ἳίρὄῗᾳιιιὸἰίὲόἰῌνῖιιιαιιῖιῗι-
635 3484 1118 3613 notblllybtgnwd‘dn'dtsnab'dsbloddrselretrio,
1129 3485 1220 3614 ffih

45 3629 62 3663 ιι
45 3548 193 3663 donat&
198 3613 256 3662 Val
275 3613 359 3662 Flacc.
379 3624 455 3678 1473
478 3614 554 3663 donar
574 3621 597 3663 et
635 3615 678 3664 the
689 3615 763 3664 cloud
775 3614 804 3663 os
816 3614 921 3664 mrssrles
932 3614 981 3663 and
994 3614 1036 3664 the
1048 3631 1115 3663 mere
1127 3615 1219 3680 werght

45 3679 104 3728 lida
113 3678 243 3744 pelagus
232 3694 400 3744 mutuamque
416 3679 508 3728 labores
520 3682 594 3729 Auro
635 3679 680 3730 os
673 3678 749 3736 rron
761 3680 800 3728 i..e
816 3680 904 3744 lallrng
915 3696 948 3729 on
960 3679 1024 3729 therr
1034 3679 1120 3728 heads.
1149 3680 1216 3731 Oud.

45 3745 86 3793 Διι.
634 3744 666 3794 cs.
684 3745 748 3796 Stat.
765 3745 845 3795 Theb.
864 3757 917 3793 vm
934 3761 983 3812 ⁴¹9
998 3761 1041 3794 nec
1052 3746 1116 3793 locus
1127 3745 1163 3792 ud
1171 3753 1218 3795 ter

45 3808 98 3874 766.
124 3815 240 3874 toroque
249 3809 341 3870 soluta]
356 3809 450 3859 asthe
462 3810 532 3859 earth
544 3826 595 3860 was
636 3826 692 3859 ram
703 3812 773 3870 telem
784 3827 812 3859 ιη
824 3818 923 3874 corpora
927 3811 1032 3875 serrum
1042 3827 1114 3860 omne
1124 3811 1197 3861 cadat

45 3874 243 3990 &7237qu
262 3875 337 3940 Verg
358 3875 391 3926 G
408 3877 599 3938 Immune
669 3888 725 4004 {dg
758 3848 1066 4006 ἐῖῖἒιίξιξιι]ᾝεωωοιε
1088 3941 1131 3991 the
1153 3942 1219 3994 frunt

45 4004 97 4069 767.
132 4004 303 4067 Bistonides.
316 4005 382 4054 Hor.
394 4021 468 4056 carm.
481 4019 490 4055 1
504 4023 553 4056 xxv
566 4022 595 4056 ιι
635 4006 697 4055 rank
709 4022 737 4056 as
748 4007 767 4056 it
778 4007 868 4056 retired
880 4008 947 4055 drew
959 4008 1026 4056 close
1038 4007 1080 4056 the
1090 4007 1186 4057 circle’.

45 4072 119 4121 rracrb
137 4071 269 4121 bacchante
290 4072 372 4134 magis
390 4072 435 4120 sub
454 4071 596 4121 interlunia
670 4073 725 4135 784.
760 4078 878 4121 nontam
897 4073 972 4134 laeta]
993 4073 1220 4139 ‘theconquering

45 4144 89 4188 rto.
637 4137 724 4186 Moors
735 4137 779 4186 did
791 4146 835 4187 not
850 4153 892 4187 see
907 4138 968 4187 such
979 4135 1083 4202 ajoyful
1095 4141 1220 4205 spectacle

45 4219 97 4270 ¹7⁰·
122 4202 195 4253 nullo
204 4201 305 4266 dubir]‘
312 4201 427 4253 doubtful
436 4203 543 4253 chauces
552 4203 595 4252 drd
636 4218 664 4253 as
677 4203 786 4253 lortune
798 4203 874 4269 really
885 4202 968 4269 gave
