2746 4884
84 343 145 412 372
415 326 602 394 LUCANI
635 323 956 392 PHARSALIAE

169 489 227 552 sed
253 507 329 552 cum
353 496 448 552 tanta
471 508 547 552 meo
574 487 667 551 uiuat
691 486 753 550 sub
777 494 913 569 pectore
939 485 1057 564 uirtus,

169 601 283 657 tantus
309 612 404 656 amor
429 592 508 668 ueri,
533 590 613 654 nihil
641 599 691 656 est
715 591 807 674 quod
831 611 970 654 noscere
994 590 1122 668 malim,

170 716 271 780 quam
297 695 387 759 fluuii
414 716 530 759 causas
556 715 617 778 per
640 693 773 758 saecula
797 702 893 759 tanta
919 694 1057 759 latentis
1146 710 1199 776 190

170 800 389 884 ignotumque
413 808 532 882 caput:
561 820 638 882 spes
662 800 705 862 sit
732 798 813 862 mihi
838 809 929 889 certa
955 799 1097 864 uidendi

171 904 320 968 Niliacos
346 904 463 979 sontes,
486 902 610 969 bellum
634 903 732 967 ciuile
758 900 951 986 relinq'u'am.

171 1005 309 1082 finierat,
334 1017 516 1089 contraque
542 1026 636 1071 sacer
660 1007 708 1069 sic
732 1027 826 1071 orsus
852 1005 1048 1071 Achoreus:

214 1112 264 1176 fas
289 1111 370 1176 mihi
397 1132 604 1195 magnorum,
631 1110 762 1188 Caesar,
785 1121 913 1175 secreta
939 1120 1120 1194 parentum

171 1217 311 1299 prodere
337 1215 380 1280 ad
407 1215 470 1280 hoc
496 1216 570 1279 aeui
588 1214 729 1299 ¹populis
755 1215 871 1296 ignota
894 1214 1052 1298 profanis.
1148 1226 1198 1295 195

171 1323 214 1385 sit
240 1321 348 1404 pietas
375 1319 448 1384 aliis
472 1318 632 1384 miracula
656 1329 751 1383 tanta
777 1317 892 1384 silere:

171 1433 223 1488 ast
249 1445 313 1508 ego
339 1423 504 1488 caelicolis
528 1433 660 1507 gratum
685 1443 758 1486 reor
784 1423 831 1486 ire
855 1443 914 1506 per
936 1443 1056 1487 omnes

171 1528 235 1592 hoc
259 1550 344 1612 opus
368 1537 402 1592 et
425 1549 536 1593 sacras
562 1527 694 1612 populis
721 1535 892 1591 notescere
917 1526 1017 1611 leges.

172 1632 343 1710 sideribus,
369 1653 456 1715 quae
481 1631 553 1696 sola
579 1631 692 1715 sugam
715 1631 932 1695 moderantur
957 1630 1100 1715 Olympi

172 1745 415 1819 occurruntque
440 1735 529 1819 polo,
552 1735 685 1800 diuersa
707 1735 858 1818 potentia
881 1736 990 1819 prima
1146 1750 1204 1799 200

175 1841 290 1904 mundi
316 1840 390 1924 lege
415 1842 496 1906 data
521 1851 578 1905 est
624 1840 674 1905 sol
699 1850 852 1924 tempora
877 1839 1000 1905 diuidit
1024 1839 1115 1916 anni,

174 1954 283 2009 mutat
309 1955 407 2010 nocte
430 1946 529 2022 diem,
553 1945 719 2027 radiisque
743 1944 936 2027 potentibus
962 1952 1055 2007 astra

173 2049 220 2113 ire
246 2060 339 2115 uetat
362 2071 543 2133 cursusque
570 2070 675 2132 uagos
700 2049 845 2114 statione
868 2056 1025 2113 moratur.

174 2153 253 2218 luna
277 2155 345 2218 suis
370 2154 498 2219 uicibus
525 2154 659 2238 Tethyn
685 2164 882 2237 terrenaque
908 2153 1035 2218 miscet

174 2259 294 2341 frigida
322 2260 467 2326 Saturno
494 2259 617 2343 glacies
644 2268 678 2324 et
704 2280 789 2324 zona
814 2257 934 2322 niualis
1149 2269 1205 2337 205

175 2366 281 2430 cessit
325 2366 427 2431 habet
454 2374 573 2430 uentos
597 2365 789 2447 incertaque
815 2362 955 2426 fulmina
982 2361 1135 2427 Mauors.

174 2470 237 2534 sub
262 2471 344 2534 Ioue
368 2471 544 2554 temperies
571 2477 605 2534 et
628 2488 812 2552 numquam
837 2467 989 2532 turbidus
1015 2487 1081 2532 aer.

175 2584 210 2639 at
237 2573 379 2638 secunda
403 2574 519 2638 Venus
545 2582 739 2638 cunctarum
763 2573 892 2635 semina
915 2591 1027 2634 rerum

174 2678 333 2761 possidet.
378 2679 561 2742 immensae
586 2676 756 2760 Cyllenius
781 2676 904 2740 arbiter
927 2675 1041 2739 undae
1064 2684 1125 2739 est

175 2781 263 2846 hunc
288 2783 344 2847 ubi
369 2803 446 2866 pars
472 2781 553 2846 caeli
579 2783 688 2846 tenuit
712 2801 778 2863 qua
805 2779 913 2843 mixta
940 2779 1068 2842 Leonis
1150 2795 1211 2843 210

174 2889 284 2952 sidera
310 2898 388 2952 sunt
415 2889 554 2966 Cancro,
578 2888 711 2965 rabidos
738 2908 805 2972 qua
829 2886 936 2953 Sirius
961 2886 1058 2969 ignes

175 2995 309 3071 exserit,
330 3004 364 3058 et
389 2993 469 3057 uarii
497 3002 643 3057 mutator
666 2992 807 3057 circulus
830 2992 909 3056 anni

89 3186 160 3228 notes
172 3195 204 3228 on
216 3180 337 3242 erit13r‚
353 3191 405 3228 vrit
420 3192 476 3245 379,
489 3180 538 3228 and
550 3195 584 3228 on
595 3196 673 3245 seque·
712 3191 827 3243 117seq.

89 3251 134 3293 tur
146 3257 174 3293 111
189 3249 244 3306 782.
283 3245 339 3294 The
352 3245 414 3294 iorm
420 3247 507 3309 fastus
518 3245 556 3294 sor
561 3246 641 3310 fastos
653 3246 674 3294 is
745 3261 800 3295 roa.
830 3242 980 3308 potentibus]
1006 3242 1048 3292 i.e.
1076 3244 1121 3294 the
1145 3261 1191 3294 sun
1213 3258 1284 3294 censes

90 3309 166 3359 found
179 3310 204 3358 in
216 3327 285 3359 some
299 3312 375 3361 MSS.
388 3311 414 3360 in
431 3312 555 3360 Columel.
571 3324 602 3359 111
615 3327 670 3376 cap.
710 3310 753 3360 the
764 3311 871 3374 planels,
881 3309 954 3358 when
965 3308 1025 3372 they
1038 3309 1105 3359 have
1118 3312 1224 3360 reached
1234 3310 1285 3358 their

94 3392 123 3437 14
134 3377 183 3424 and
196 3377 242 3425 Sil.
256 3375 312 3424 Ital.
329 3389 350 3425 11
367 3393 403 3426 ro.
710 3376 776 3425 fixed
786 3377 870 3435 limits‚
881 3382 1007 3488 toappear
1016 3383 1044 3423 to
1053 3377 1154 3425 remain
1167 3377 1285 3436 statiomry

127 3457 178 3506 ¹90·
215 3441 325 3501 latentis]
348 3441 379 3490 cs.
407 3454 424 3489 1.
444 3456 475 3491 ro
495 3458 557 3505 gens
579 3443 602 3491 si
624 3459 674 3507 qua
710 3441 929 3490 soratimeandt
948 3447 1020 3490 ento
1035 3449 1133 3491 return.
1171 3444 1205 3492 So
1217 3441 1286 3489 ll'eise

91 3507 152 3554 iura
163 3508 376 3555 nascmtironscia
388 3507 456 3556 Nilo.
710 3506 824 3572 explains
846 3507 889 3555 the
908 3520 1022 3570 passage,
1047 3505 1173 3583 referring
1190 3517 1215 3556 to
1234 3506 1286 3554 Plin.

127 3586 179 3635 ¹94·
205 3573 252 3637 sas
275 3573 350 3633 mihi]
373 3573 486 3621 imitated
509 3572 573 3622 from
596 3574 672 3637 Verg.
712 3573 748 3620 H.
763 3572 961 3634 N.11§59l011.
1000 3571 1051 3620 See
1062 3573 1119 3620 also
1129 3572 1287 3634 CrodeRep·

91 3637 156 3684 Aen.
176 3649 197 3685 11
220 3651 263 3700 157
276 3638 320 3702 Jirs
337 3638 404 3686 milri
422 3639 558 3687 Grarhmm
575 3646 673 3687 sacrata
711 3637 892 3697 V1517det'nde
903 3637 985 3685 subm
996 3637 1106 3685 medriam
1111 3639 1172 3702 fere
1183 3640 1287 3702 regebam

91 3704 207 3751 resoluere
219 3704 286 3751 iura.
709 3704 747 3751 sol
762 3702 861 3761 obtinet,
879 3702 933 3750 dux
947 3708 969 3749 et
980 3703 1102 3767 prr'nceps
1124 3711 1149 3753 et
1169 3704 1289 3752 moderator

90 3780 180 3880 W197.
216 3770 251 3816 ire
266 3777 313 3832 per
328 3768 420 3829 omnes]
439 3769 555 3818 omnibus
573 3768 672 3833 aperiri,
711 3769 840 3843 luminum
853 3768 1015 3831 reliquorum,
1026 3783 1098 3816 mens
1111 3771 1288 3818 mundialem·

87 3833 511 3963 grgjzepgosspidriqfdityiuaegi
521 3846 574 3947 εἴη
589 3835 673 3898 Phy-
705 3840 810 3961 wiht?
838 3897 929 3958 miscet]
941 3895 981 3946 ie.
994 3912 1083 3948 causes
1095 3898 1142 3949 the
1154 3901 1226 3950 tides.

91 4027 117 4077 th
127 3978 180 4076 1319.
207 3964 300 4051 jupam
313 3965 488 4029 olyn1p2]‘the
497 3972 639 4014 movement
648 3964 677 4013 ol
745 3961 800 4051 aod.
837 3962 915 4024 cessit]
928 3963 985 4011 ‘has
997 3965 1090 4027 passed
1098 3967 1183 4016 under
1194 3962 1290 4016 suurn's

120 4043 134 4076 e
163 4045 260 4079 eaven.
723 4045 762 4077 wa
792 4066 798 4079 .

124 4108 181 4143 noo.
214 4095 359 4156 occurmnt]
371 4095 470 4159 Physiei
479 4095 565 4145 dicunt
576 4103 672 4159 septem
710 4046 722 4079 Β
746 4045 800 4162 adp.
824 4091 1035 4154 arbr'ter]‘ruler’.
1052 4094 1086 4143 cs.
1096 4093 1289 4146 Hor.oarm.1iii

92 4157 176 4207 stellas
187 4175 290 4223 quarum
307 4161 408 4209 nomina
425 4162 478 4209 dies
490 4169 574 4210 tenent
586 4170 673 4210 contra
715 4176 742 4224 ¹5
758 4177 806 4224 quo
820 4175 869 4208 non
885 4160 980 4208 arbiter
990 4159 1112 4210 Hadriae
1129 4162 1291 4210 morortollm

91 4224 187 4271 caelum
205 4225 266 4285 niti3
288 4227 389 4288 quaesi
407 4242 457 4275 non
474 4235 630 4276 occurrerent
646 4227 673 4274 in
710 4242 753 4274 seu
760 4233 851 4289 ponere
862 4226 914 4273 uel!
916 4225 996 4288 freta.

92 4286 204 4337 inmensa
216 4299 341 4353 raperetur
353 4299 378 4340 et
389 4292 592 4356 praecipitaretur
603 4300 675 4341 lanta
745 4307 800 4340 rra.
836 4290 955 4350 cirmlus]
971 4290 1014 4339 ie.
1027 4290 1073 4340 the
1085 4291 1192 4350 lodice,
1202 4290 1289 4342 aooerd·

92 4353 220 4415 uertigine.
256 4355 340 4404 Schol.
710 4359 753 4420 ing
765 4365 792 4405 to
804 4357 846 4405 the
858 4356 992 4405 Scholiast.

120 4419 207 4481 pn'ma
228 4420 286 4483 lege]
304 4421 359 4470 ‘the
381 4422 518 4486 primaeval
535 4423 603 4472 law'.
639 4422 672 4472 cs,
