2746 4884
109 304 170 385 382
427 307 614 374 Lucnur
646 307 966 375 PHARSALIAE

192 479 228 535 et
254 471 316 535 nisi
340 471 410 538 sata
433 492 553 538 manus
577 495 598 537 a
621 475 785 557 sanguine
809 475 961 542 Caesaris
986 486 1109 542 arcent
1174 492 1236 558 420

192 574 255 640 hae
280 577 416 642 uincent
439 586 560 661 partes.
605 579 721 644 aderat
748 590 899 645 maturus
924 590 1088 666 uterque:

191 688 226 744 et
249 680 401 746 districta
424 681 531 765 epulis
557 683 600 747 ad
625 693 763 748 cunctas
789 685 866 750 aula
890 687 1034 770 patebat

190 782 347 849 insidias:
376 793 575 869 poteratque
598 807 696 852 cruor
718 809 779 872 per
802 791 893 874 regia
916 790 1011 856 fundi

191 887 311 970 pocula
335 887 518 954 Caesareus
543 909 745 975 mensaeque
769 893 960 959 incumbere
984 897 1113 960 ceruix.

190 990 250 1053 sed
275 999 430 1055 metuunt
453 991 531 1056 belli
556 995 706 1076 trepidos
730 996 764 1058 in
790 1006 888 1061 nocte
911 997 1087 1075 tumultus,
1169 1012 1228 1080 425

191 1114 233 1157 ne
255 1095 375 1158 caedes
397 1095 536 1160 confusa
559 1117 662 1161 manu
685 1100 914 1184 permissaque
936 1101 1015 1166 latis

190 1206 234 1275 te,
257 1198 458 1276 Ptolemaee,
481 1199 613 1266 trahat:
643 1211 740 1267 tanta
762 1212 813 1267 est
836 1203 957 1268 fiducia
980 1205 1067 1270 ferri.

191 1323 257 1366 non
280 1323 420 1386 rapuere
442 1305 557 1369 nefas:
589 1308 712 1371 summi
735 1317 930 1394 contempta
953 1310 1096 1375 facultas

177 1405 240 1471 'est
263 1408 393 1491 operis:
423 1409 533 1472 uisum
556 1408 691 1475 famulis
714 1411 899 1495 reparabile
921 1413 1086 1478 damnum

188 1510 280 1601 illam
304 1514 475 1578 mactandi
497 1512 666 1579 dimittere
689 1514 842 1581 Caesaris
864 1517 992 1584 horam.
1166 1535 1228 1600 430

188 1600 340 1683 seruatur
361 1639 487 1701 poenas
510 1619 544 1682 in
567 1627 683 1702 aperta
706 1619 780 1684 luce
802 1621 949 1707 daturus.

188 1721 315 1785 donata
337 1729 388 1785 est
411 1742 482 1784 nox
505 1742 572 1785 una
594 1722 671 1786 duci
694 1722 849 1806 uixitque
872 1721 1006 1788 Pothini

188 1844 326 1889 munere
349 1826 522 1891 Phoebeos
547 1825 673 1891 Caesar
693 1826 819 1891 dilatus
841 1829 875 1890 in
898 1838 1000 1894 ortus.

231 1929 365 1995 Lucifer
386 1951 407 1995 a
430 1930 530 1996 Casia
551 1931 726 2013 prospexit
749 1951 831 2014 rupe
852 1933 1010 2016 diemque

188 2033 278 2097 misit
298 2033 331 2097 in
351 2032 551 2118 Aegyptum
571 2034 680 2116 primo
699 2055 835 2118 quoque
853 2034 924 2100 sole
943 2036 1133 2101 calentem:
1164 2050 1223 2119 435

186 2158 263 2201 cum
287 2137 401 2220 procul
423 2159 444 2202 a
457 2138 570 2231 'muris
593 2139 680 2202 acies
703 2159 771 2203 non
793 2136 911 2221 sparsa
932 2140 1091 2224 maniplis

187 2263 249 2307 nec
271 2264 359 2326 uaga
381 2244 593 2327 conspicitur,
616 2244 675 2307 sed
700 2244 806 2307 iustos
829 2245 937 2327 qualis
951 2245 1003 2308 ⁴ad
1027 2245 1145 2310 hostes

187 2356 277 2411 recta
300 2347 409 2411 fronte
431 2348 533 2411 uenit.
577 2348 708 2431 passuri
732 2349 919 2412 comminus
942 2369 1037 2413 arma

186 2452 351 2536 laturique
374 2460 482 2516 ruunt.
527 2460 562 2516 at
586 2450 712 2516 Caesar
734 2452 910 2516 moenibus
934 2453 1024 2517 urbis

132 2567 135 2583 ¹
185 2556 313 2621 diffisus
336 2556 461 2620 foribus
484 2556 616 2620 clausae
640 2577 676 2620 se
698 2557 845 2640 protegit
867 2557 964 2621 aulae
1162 2576 1227 2639 440

185 2663 368 2745 degeneres
390 2681 508 2744 passus
531 2660 686 2725 latebras.
731 2680 792 2724 nec
814 2670 887 2725 tota
911 2661 1056 2726 uacabat

184 2769 276 2850 regia
298 2787 511 2850 compresso:
541 2767 682 2830 minima
704 2766 885 2850 collegerat
908 2787 1002 2832 arma

184 2881 279 2955 parte
301 2873 443 2936 domus:
472 2880 616 2953 tangunt
640 2871 770 2934 animos
795 2871 928 2954 iraeque
952 2879 1153 2955 metusque:

184 2986 217 3041 et
240 2976 337 3039 timet
359 2976 509 3038 incursus
532 2974 791 3057 indignaturque
814 2976 940 3037 timere.

183 3081 230 3143 sic
256 3078 366 3143 lremit
389 3080 422 3142 in
445 3080 557 3162 paruis
578 3078 647 3143 iera
672 3078 793 3142 nobilis
815 3079 930 3142 abdita
953 3078 1116 3152 claustris,
1164 3095 1227 3161 445

183 3193 217 3248 et
239 3183 362 3268 frangit
385 3184 520 3249 rabidos
543 3204 737 3268 praemorso
761 3204 891 3248 carcere
914 3184 1050 3246 dentes:

107 3379 163 3422 unt.
193 3372 339 3436 partiarius
351 3387 401 3420 was
418 3371 460 3421 the
477 3370 601 3421 technical
614 3370 639 3419 le
673 3371 681 3419 l
722 3370 774 3420 lent
787 3376 814 3419 to
832 3370 945 3418 maxima
962 3384 1007 3428 res,
1020 3367 1104 3417 which
1123 3365 1306 3417 isWeise’sex·

95 3447 158 3488 term
170 3437 299 3486 foramen
309 3436 366 3485 who
374 3436 464 3486 shared
473 3445 592 3502 property
602 3452 636 3485 un
655 3453 682 3486 er
721 3435 858 3501 planation.

95 3503 181 3553 awill.
754 3517 810 3564 430.
845 3498 982 3559 mactandi]
1017 3498 1080 3547 This
1098 3498 1232 3548 sacrificial
1249 3508 1305 3548 term

127 3585 184 3631 4²²·
217 3568 328 3617 distn'eta
350 3568 440 3631 epulis]
468 3567 601 3632 ‘occupied
621 3566 682 3617 with
721 3568 812 3616 carries
824 3582 857 3614 on
869 3565 912 3614 the
924 3564 1055 3627 metaphor
1071 3564 1101 3612 oi
1112 3565 1253 3613 uietirnain
1265 3562 1307 3627 38⁶

95 3633 224 3699 ieasting'.
244 3635 274 3684 cs.
289 3634 365 3683 Corn.
379 3633 467 3698 Nepos
481 3633 611 3681 Hannibal
625 3648 680 3697 cap.
721 3647 787 3696 supr.

95 3701 138 3750 ult.
147 3701 189 3749 hie
196 3707 282 3748 tantus
294 3700 339 3747 uir
346 3700 470 3775 tantisque
479 3698 547 3746 bellis
555 3698 682 3747 distn'etus
754 3712 811 3759 43¹·
846 3697 874 3744 in
890 3702 976 3759 aperta
989 3694 1052 3756 luce]
1070 3710 1105 3743 sc.
1123 3695 1150 3743 in
1167 3696 1308 3745 mesenate

94 3766 215 3816 nonnihil
224 3767 338 3828 temporis
349 3765 440 3814 tribuet
450 3764 548 3812 litteris.
720 3762 807 3811 house.

127 3831 184 3892 426.
217 3831 318 3895 confusa
339 3830 429 3890 manu]
450 3828 556 3878 ‘carried
571 3835 615 3878 out
632 3828 681 3877 dis·
754 3843 811 3889 433.
845 3826 961 3874 Phoebeos
984 3825 1080 3873 dilatus
1103 3827 1131 3872 in
1155 3827 1237 3887 orirer]
1263 3828 1308 3873 ‘re-

94 3897 192 3959 orderly
204 3897 254 3945 and
271 3897 366 3945 trusted
384 3903 411 3944 to
429 3892 544 3943 chance’.
570 3894 601 3943 ci.
619 3894 678 3942 Tac.
721 3892 824 3957 prieved
833 3892 871 3939 till
880 3891 993 3948 sunrise’‚
1010 3890 1041 3938 cs.
1054 3890 1104 3939 Ov.
1117 3891 1183 3940 Met.
1194 3903 1247 3939 xm
1258 3892 1308 3953 5¹⁸·

94 3963 161 4010 Ann.
174 3974 204 4010 V1
222 3976 251 4025 5²
265 3961 317 4024 (46)
331 3977 387 4010 mox
399 3961 507 4009 incertus
517 3960 608 4018 animi,
617 3959 683 4021 sesso
722 3972 770 4022 519
781 3958 850 4022 quid,
863 3958 891 4004 di
901 3956 1013 4013 crudeles,
1028 3957 1082 4003 m'si
1091 3956 1309 4020 quonmrajunera

92 4035 195 4091 corpore,
219 4027 357 4088 consilium,
377 4027 420 4074 eui
440 4027 525 4090 impar
546 4031 606 4084 erat,
625 4025 682 4088 fam
720 4039 827 4082 canant,
842 4021 1179 4083 uiuaeemdff’rtisanum?

89 4094 209 4157 permisit.
753 4105 809 4151 435.
842 4087 936 4150 primo]
952 4102 986 4134 sc.
1007 4086 1091 4134 diem:
1121 4088 1192 4149 apud
1213 4103 1258 4136 nos
1276 4086 1309 4134 sol

125 4172 182 4221 427.
216 4156 314 4218 trahat]
331 4156 445 4205 ‘involve
458 4155 483 4204 in
496 4155 648 4204 destruction
655 4154 669 4203 ⁹.
721 4153 799 4203 feruet
817 4153 842 4201 in
854 4152 975 4210 meridie;
993 4152 1060 4215 apud
1073 4153 1225 4216 Aegyptum
1240 4152 1309 4201 etiarn

124 4226 181 4285 428.
215 4224 330 4286 rapuere]
346 4231 509 4271 maturauere.
546 4220 637 4269 Weise.
720 4234 803 4267 mane.
838 4218 923 4266 Schol.

124 4287 229 4348 summ]
256 4288 314 4337 ‘the
333 4287 450 4337 occasion
469 4286 506 4334 ior
526 4285 681 4349 completing
753 4285 809 4345 438.
841 4283 944 4345 passuri
951 4280 1036 4341 arma]
1056 4282 1147 4345 ‘ready
1160 4282 1310 4331 tobearthe

91 4353 156 4404 their
167 4354 236 4402 work
244 4369 295 4401 wus
307 4352 456 4418 neglected’.
492 4352 515 4399 lt
527 4351 548 4400 is
560 4352 641 4400 better
653 4360 679 4398 to
720 4348 796 4397 shoclr
810 4348 839 4396 os
847 4347 933 4395 anns'.
1101 4412 1106 4421 Ι

92 4420 151 4471 take
166 4435 294 4468 summum
308 4428 369 4483 opus
387 4418 452 4478 thus,
466 4415 679 4480 thanasequiva·
752 4430 809 4476 441.
844 4412 956 4474 uacabat]
976 4413 1039 4461 ‘was
1050 4412 1200 4464 avarlable’.
