2746 4884
415 325 561 393 LIBER
592 328 657 396 III.
687 330 870 414 685-735.
1188 350 1244 399 111

127 487 326 571 Lygdamus
350 512 493 556 excussa
517 492 663 557 Balearis
687 502 793 558 tortor
815 492 966 557 habenae
1097 508 1162 575 710

123 591 250 674 glande
272 603 390 676 petens
413 595 522 660 solido
545 596 644 679 fregit
667 618 750 661 caua
772 606 926 681 tempora
948 596 1096 680 plumbo.

124 695 261 760 sedibus
284 697 427 782 expulsi,
449 709 630 782 postquam
654 721 750 764 cruor
771 701 886 765 omnia
909 702 998 783 mpit

124 801 269 880 uincula,
292 804 517 887 procumbunt
538 805 644 870 oculi:
674 814 742 870 stat
764 805 890 870 lumine
913 817 1008 891 rapto

123 907 298 972 adtonitus
322 910 506 992 mortisque
528 909 602 975 illas
624 919 721 994 putat
744 931 817 974 esse
839 910 1001 975 tenebras.

123 1022 163 1077 at
185 1022 365 1097 postquam
389 1016 548 1080 membris
571 1017 675 1082 sensit
697 1026 850 1082 constare
873 1017 1031 1100 uigorem,
1098 1030 1159 1098 715

125 1136 197 1193 uos,
219 1117 276 1194 ait,
299 1138 321 1181 o
343 1119 436 1194 socii,
459 1120 545 1183 sicut
567 1129 736 1185 tormenta
759 1120 883 1196 soletis,

125 1241 182 1286 me
204 1242 339 1306 quoque
362 1222 535 1286 mittendis
558 1232 685 1288 rectum
708 1225 900 1307 componite
922 1223 1005 1289 telis.

124 1344 225 1406 egere
248 1327 341 1407 quod
364 1336 517 1409 superest
538 1327 680 1404 animae,
704 1327 886 1411 Tyrrhene,
911 1349 970 1412 per
991 1349 1107 1393 omnes

123 1427 293 1493 bellorum
316 1448 420 1492 casus,
466 1429 637 1512 ingentem
662 1430 776 1496 militis
800 1451 897 1495 usum

124 1531 191 1595 hoc
213 1531 317 1596 habet
339 1553 384 1596 ex
407 1552 531 1615 magna
554 1532 750 1598 defunctum
773 1544 869 1616 parte
891 1535 1052 1599 cadauer:
1097 1549 1162 1616 720

124 1638 271 1701 uiuentis
294 1638 410 1702 feriere
432 1637 515 1703 loco.
560 1639 608 1702 sie
629 1638 718 1703 fatus
740 1639 773 1702 in
797 1638 928 1705 hostem

123 1762 226 1806 caeca
249 1741 317 1806 tela
340 1761 442 1806 manu
465 1742 525 1806 sed
548 1763 615 1805 non
638 1751 753 1807 tamen
777 1742 867 1808 irrita
891 1742 1002 1809 mittit.

171 1846 298 1929 excipit
321 1845 403 1911 haec
426 1846 555 1910 iuuenis
578 1847 731 1928 generosi
753 1848 924 1929 sanguinis
946 1846 1060 1932 Argus

124 1967 194 2030 qua
217 1949 283 2011 iam
308 1969 375 2012 non
399 1948 530 2013 medius
552 1949 726 2014 descendit
750 1950 783 2013 in
807 1950 863 2015 ilia
886 1960 1013 2031 uenter,

124 2053 323 2136 adiuuitque
345 2073 407 2117 suo
430 2052 653 2134 procumbens
676 2054 825 2137 pondere
848 2052 978 2119 ferrum.
1097 2069 1159 2137 725

123 2159 239 2223 stabat
261 2157 394 2222 diuersa
416 2158 525 2222 uictae
547 2158 614 2221 iam
638 2167 733 2241 parte
755 2158 886 2223 carinae

124 2261 245 2326 infelix
268 2260 354 2345 Argi
377 2262 525 2345 genitor;
556 2283 624 2325 non
647 2261 702 2327 ille
725 2262 882 2327 iuuentae

122 2375 278 2449 tempore
302 2364 474 2429 Phocaicis
497 2365 555 2430 ulli
578 2386 730 2429 cessurus
752 2365 787 2429 in
809 2367 929 2431 armis:

124 2471 252 2536 uictum
276 2491 361 2535 aeuo
383 2470 483 2534 robur
504 2471 634 2550 cecidit,
658 2470 831 2554 fessusque
854 2480 989 2536 senecta

123 2576 322 2658 exemplum
345 2596 412 2639 non
436 2575 532 2639 miles
555 2583 643 2652 erat;
674 2575 731 2657 qui
755 2573 870 2638 sunere
893 2575 966 2638 uiso
1097 2590 1162 2657 730

123 2701 226 2765 saepe
249 2681 373 2745 cadens
396 2679 518 2763 longae
540 2679 650 2744 senior
672 2698 731 2761 per
753 2686 897 2742 transtra
920 2677 1052 2742 carinae

123 2786 278 2869 peruenit
300 2787 344 2850 ad
367 2786 508 2869 puppim
531 2783 755 2868 spirantisque
778 2782 907 2847 inuenit
929 2792 1028 2848 artus.

123 2910 192 2953 non
216 2889 373 2954 lacrimae
395 2889 545 2953 cecidere
566 2887 662 2970 genis
684 2906 752 2950 non
775 2894 912 2969 pectora
934 2887 1055 2965 tundit,

123 2998 280 3061 distentis
303 3006 377 3062 toto
399 2996 501 3079 riguit
523 2995 582 3059 sed
606 3013 745 3077 corpore
768 2992 896 3077 palmis.

124 3124 194 3166 nox
214 3101 305 3167 subit
324 3111 426 3184 atque
444 3099 559 3164 oculos
579 3108 695 3164 uastae
714 3097 887 3162 obduxere
906 3098 1072 3177 tenebrae,
1095 3113 1156 3182 735

68 3273 124 3323 7¹0·
158 3259 271 3326 excussa]
297 3261 364 3311 Oud.
384 3261 416 3311 ci.
433 3262 481 3313 Ov.
498 3263 561 3311 Met.
578 3273 620 3310 vn
678 3267 761 3309 ortant
779 3268 835 3325 part
853 3259 882 3309 of
895 3276 910 3309 a
925 3259 1038 3310 soldier's
1053 3260 1135 3326 duty’,
1154 3262 1196 3313 ie.
1212 3263 1246 3327 by

53 3341 82 3393 79
93 3344 139 3376 nec
148 3344 261 3376 excressae
269 3334 376 3377 contorto
387 3328 482 3377 uerbere
487 3328 596 3391 glandes.
692 3327 736 3390 ing
746 3342 762 3375 a
772 3326 844 3375 marl(
855 3326 893 3374 sor
905 3325 947 3375 the
958 3341 1056 3390 enemy.

67 3408 124 3456 71²·
160 3393 268 3454 sedibus]
288 3393 386 3443 ‘forced
399 3393 462 3442 from
475 3393 539 3443 their
550 3392 621 3442 sock-
695 3405 750 3454 724.
784 3407 836 3456 qua
853 3391 915 3453 ione]
939 3392 1004 3441 inira
1023 3392 1169 3443 umbilicum
1186 3411 1246 3459 ergo

53 3467 79 3518 ts,
108 3458 184 3508 when
206 3459 249 3508 the
272 3459 350 3508 blood
372 3460 440 3508 burst
460 3459 494 3507 all
514 3459 557 3509 the
576 3458 624 3508 ties
661 3472 791 3522 percussus
802 3465 853 3506 este
871 3457 918 3505 ilia
933 3467 991 3506 eunt
1006 3458 1110 3508 arteriae
1125 3459 1189 3509 inter
1203 3476 1245 3510 ue·

53 3523 265 3575 utheldthem’.
661 3522 739 3572 sicam
761 3530 785 3571 et
808 3523 905 3571 alueum
928 3523 961 3572 ad
984 3525 1076 3588 pubem
1103 3525 1241 3588 tendentes,

67 3602 124 3653 713.
156 3589 335 3653 procumbunt]
353 3588 411 3638 ‘fall
423 3589 499 3638 athis
510 3588 582 3639 feet’.
661 3595 724 3638 teste
738 3586 828 3637 Plinio.
857 3588 948 3638 Weise.

68 3668 126 3719 715.
171 3661 281 3704 revertare
315 3654 435 3719 uigerem]
472 3655 545 3704 ‘that
581 3654 624 3704 the
695 3666 751 3717 725.
785 3653 897 3714 adiuuit]
912 3653 1000 3703 ‘drove
1016 3653 1058 3704 the
1075 3655 1136 3705 steel
1153 3656 1245 3722 deeper

53 3719 149 3785 treugth
160 3719 191 3770 of
197 3720 237 3770 his
253 3720 327 3770 limbs
340 3736 390 3769 was
406 3719 456 3770 still
472 3721 574 3781 sound’,
588 3720 620 3770 cs.
660 3719 736 3769 home
746 3719 780 3783 by
792 3719 830 3768 his
842 3719 935 3782 weight
946 3735 974 3769 as
984 3718 1016 3768 he
1029 3720 1092 3769 lell’.

53 3787 96 3835 eu.
110 3786 177 3850 Epp.
193 3786 257 3836 x11i
270 3784 397 3850 (lxxxiii)§
410 3787 622 3849 nysedsiuemu-
695 3796 750 3850 730.
786 3783 934 3898 exentplumg
957 3786 988 3833 ‘a
1006 3785 1100 3845 model,
1122 3793 1219 3851 pultem
1226 3784 1240 3836 '.

53 3852 103 3914 reti)
111 3857 267 3915 temptantur
272 3853 351 3916 pedes,
365 3853 621 3916 linguanonconstat.
660 3849 693 3900 cs.
717 3850 765 3900 Ov.
787 3850 849 3899 Met.
868 3862 877 3898 1
898 3863 912 3910 3
930 3863 953 3911 5,
973 3849 1020 3913 366
1039 3867 1107 3899 nunc
1119 3867 1199 3915 genus
1214 3853 1243 3900 in

69 3928 126 3979 717.
160 3916 299 3978 mittendis]
317 3922 365 3967 ‘set
374 3933 414 3966 me
426 3933 460 3981 up
470 3918 495 3965 in
505 3917 547 3967 the
556 3917 622 3981 right
660 3916 729 3964 nobis
753 3921 830 3964 restat
855 3915 957 3963 mortale
977 3915 1077 3974 ducitis,
1100 3917 1136 3966 sic
1157 3918 1241 3966 uisum

53 3982 145 4031 osition
156 3981 195 4030 sor
205 3981 366 4046 discharging
377 3982 482 4032 missiles
487 3981 502 4029 ’.
659 3982 763 4046 superis,
774 3980 954 4045 hominumque
964 3983 1074 4046 exempla
1086 3998 1223 4032 manemus.

65 4047 211 4110 componite]
228 4046 260 4095 cf.
278 4047 344 4096 Vell.
364 4049 417 4096 Pat.
436 4059 458 4096 11
477 4048 518 4097 xiv
534 4049 547 4106 ἕ
561 4064 575 4111 3
591 4055 621 4096 tu
683 4046 790 4112 sienem]
801 4062 836 4096 sc.
848 4047 909 4096 nati.

53 4128 100 4168 ero,
119 4113 212 4177 inquit,
229 4112 254 4161 si
271 4113 335 4176 quid
351 4113 379 4161 in
398 4119 421 4162 te
440 4114 505 4161 artis
523 4120 564 4169 cst,
585 4113 621 4161 ita
693 4126 748 4176 731.
775 4119 843 4175 saepe
853 4111 951 4173 cadens]
964 4110 1013 4161 ‘ost
1024 4111 1112 4178 falling
1122 4112 1187 4162 from
1198 4114 1241 4164 old

53 4185 146 4243 mipene
155 4178 257 4227 domum
267 4194 346 4226 meam
358 4187 393 4234 ut,
401 4178 529 4242 quidquid
536 4194 618 4242 agaim
692 4194 706 4227 e
717 4193 745 4226 as
756 4177 788 4226 he
799 4178 898 4226 crossed
915 4177 957 4226 the
968 4177 1100 4237 benches'‚
1112 4178 1153 4229 ie.
1165 4188 1241 4229 stum·

53 4243 191 4293 homnibus
199 4244 308 4309 perspici
347 4245 398 4293 rsit.
658 4243 729 4307 b‘ug
740 4258 800 4292 over
811 4241 853 4291 the
864 4242 981 4291 benches.

65 4312 125 4374 718.
143 4308 234 4423 ΙΙιΐςτιν]
253 4312 307 4374 ‘get
324 4309 363 4358 rid
380 4309 409 4358 of
423 4309 465 4358 the
482 4309 622 4359 remainder
693 4322 747 4372 735.
779 4307 915 4369 noxsubr't]
944 4307 1028 4358 Weise
1038 4309 1071 4358 cf.
1084 4310 1163 4360 Hom.
1178 4311 1241 4361 Il.v

53 4374 132 4439 lyour
154 4375 209 4424 'e'.
659 4370 707 4440 659
727 4375 769 4423 ebe
787 4375 814 4422 δὲ
833 4370 887 4421 κατ’
906 4374 1039 4434 ὀφθαλμῶν
1065 4373 1177 4440 ἐρεβεννὴ
1200 4375 1242 4438 νύξ

66 4455 124 4506 719.
161 4440 297 4506 ingentem]
329 4440 487 4506 ‘discharges
514 4457 548 4490 au
575 4440 620 4489 im·
660 4440 791 4504 ἐκάλυψεν.
