2746 4884
83 339 148 404 304
425 324 611 390 LUCANI
645 324 965 392 PHARSALIAE

170 488 214 551 da
238 488 389 550 ueniam:
419 489 446 551 si
470 488 551 572 quid
575 509 691 551 sensus
715 498 792 571 post
815 488 885 551 sata
907 487 1061 551 relictum
1083 495 1138 559 est,

168 590 260 653 cedis
282 601 317 654 et
340 591 413 673 ipsa
436 611 518 672 rogo
541 593 732 673 paterisque
755 592 838 655 haec
861 594 988 656 damna
1010 592 1152 674 sepulcri,

169 704 270 775 teque
293 697 399 777 pudet
421 695 544 777 sparsis
569 695 718 777 Pompeii
743 696 897 759 manibus
920 696 978 759 uri.
1137 706 1184 775 751

170 797 216 860 sic
241 797 336 871 satur,
360 797 545 880 plenusque
568 798 660 860 sinus
684 799 823 861 ardente
846 798 962 862 fauilla

171 899 323 980 peruolat
346 899 390 961 ad
413 909 577 976 truncum,
600 899 657 981 qui
681 899 784 962 fluctu
808 920 916 981 paene
939 898 1064 963 relatus

171 1002 266 1066 litore
289 1003 466 1084 pendebat.
512 1024 661 1066 summas
685 1004 828 1066 dimouit
850 1004 1003 1076 harenas,

171 1115 204 1168 et
227 1103 368 1168 collecta
390 1105 505 1188 procul
530 1105 657 1168 lacerae
681 1105 870 1188 fragmenta
891 1107 1028 1170 carinae
1137 1115 1186 1184 755

170 1210 294 1291 exigua
317 1210 467 1291 trepidus
490 1211 603 1292 posuit
626 1210 750 1273 scrobe.
796 1209 907 1274 nobile
930 1231 1052 1293 corpus

171 1311 291 1374 robora
315 1313 407 1375 nulla
430 1323 596 1394 premunt,
619 1313 710 1375 nulla
733 1321 825 1376 strue
848 1313 1000 1375 membra
1025 1310 1210 1375 recumbunt:

170 1418 328 1480 admotus
351 1416 515 1499 Magnum
539 1437 605 1479 non
629 1416 783 1480 subditus
805 1417 926 1498 accipit
950 1417 1046 1499 ignis

170 1519 226 1583 ille
248 1520 369 1583 sedens
392 1521 488 1582 iuxta
512 1518 681 1582 flammas:
710 1540 731 1581 o
755 1520 912 1594 maxime,
936 1518 1034 1594 dixit,

169 1624 289 1687 ductor
311 1634 345 1687 et
370 1623 524 1707 Hesperii
549 1626 707 1687 maiestas
729 1625 874 1687 nominis
897 1644 972 1701 una,
1138 1621 1191 1703 760

169 1728 197 1790 si
220 1727 280 1791 tibi
304 1727 429 1790 iactatu
452 1727 573 1809 pelagi,
595 1728 622 1791 si
645 1727 760 1791 sunere
782 1727 876 1791 nullo

169 1831 294 1894 tristior
316 1831 379 1893 iste
403 1850 521 1911 rogus;
550 1851 666 1894 manes
689 1831 905 1914 animamque
927 1839 1103 1914 potentem

170 1932 287 1997 officiis
309 1943 424 1998 auerte
448 1934 547 1997 meis:
577 1934 697 1997 iniuria
720 1933 780 1996 sati

169 2038 234 2101 hoc
256 2038 305 2101 sas
328 2059 400 2102 esse
423 2038 536 2118 iubet;
566 2059 609 2102 ne
632 2039 726 2121 ponti
749 2036 849 2101 belua
871 2038 1066 2121 quicquam,

171 2161 213 2204 ne
235 2139 312 2217 fera,
337 2161 378 2203 ne
401 2140 561 2217 uolucres,
584 2162 626 2205 ne
649 2142 741 2204 saeui
765 2142 919 2206 Caesaris
942 2142 991 2203 ira
1137 2135 1188 2218 765

170 2244 308 2307 audeat:
338 2244 506 2326 exiguam,
529 2254 692 2326 quantum
717 2253 822 2326 potes,
845 2243 960 2326 accipe
983 2240 1158 2316 flammam,

172 2350 327 2413 Romana
349 2371 506 2413 succense
529 2350 640 2414 manu.
686 2351 835 2414 Fortuna
858 2368 1010 2412 recursus

170 2454 198 2516 si
221 2453 279 2515 det
302 2453 334 2515 in
361 2452 570 2534 Hesperiam,
594 2473 662 2515 non
685 2453 748 2515 hac
772 2454 804 2515 in
829 2453 909 2516 sede
931 2453 1105 2534 quiescent

171 2565 241 2619 tam
265 2556 347 2618 sacri
371 2556 511 2618 cineres:
542 2557 601 2619 sed
625 2565 659 2619 te
682 2556 846 2632 Cornelia,
870 2555 1007 2639 Magne,

171 2658 320 2740 accipiet,
343 2667 523 2740 nostraque
547 2679 647 2722 manu
672 2658 884 2722 transfundet
907 2658 941 2721 in
966 2678 1093 2721 urnam.
1140 2670 1193 2737 770

171 2764 296 2825 interea
319 2782 425 2844 paruo
447 2764 618 2844 signemus
641 2761 740 2825 litora
762 2783 848 2825 saxo

173 2874 210 2928 ut
233 2876 313 2928 nota
336 2866 379 2928 sit
402 2866 491 2929 busti
499 2886 507 2942 ;
538 2867 565 2928 si
589 2867 664 2948 quis
687 2865 819 2947 placare
843 2873 1056 2947 peremptum

172 2969 257 3032 sorte
280 2969 370 3033 uolet
393 2970 511 3053 plenos
535 2978 569 3033 et
592 2970 731 3033 reddere
754 2969 872 3031 mortis
894 2967 1051 3044 honores,

172 3072 320 3136 inueniat
342 3074 449 3137 trunci
472 3073 597 3137 cineres
621 3082 656 3136 et
678 3071 766 3135 norit
788 3072 937 3147 harenas,

119 3360 172 3412 750.
207 3351 308 3400 rediret
327 3353 380 3415 ipsa
399 3351 465 3414 rogo]
488 3351 571 3400 There
593 3351 614 3398 is
636 3366 670 3399 no
706 3348 788 3410 deur',
814 3349 846 3399 cf.
872 3350 937 3398 Hor.
962 3351 1012 3415 Ep.
1038 3363 1059 3399 11
1080 3351 1088 3400 i
1109 3347 1221 3414 157758

86 3416 150 3464 need
165 3414 193 3463 οἰ
205 3417 339 3480 supplying
355 3417 379 3465 si
395 3433 422 3465 as
439 3417 522 3466 Weise
537 3416 626 3465 wishes
644 3426 670 3465 to
706 3432 783 3479 neque
791 3424 1008 3479 pamomcurmm
1022 3418 1139 3466 maiestas
1150 3415 1232 3478 recipitt

85 3481 119 3528 do
131 3481 190 3529 with
203 3483 264 3529 cedis
276 3481 333 3530 dre:
351 3482 516 3546 themeaning
525 3483 545 3531 is
560 3481 593 3529 ‘is
601 3482 670 3530 there
741 3480 795 3542 762.
831 3481 936 3541 rrr'strbr]
964 3481 997 3529 ‘is
1013 3482 1065 3530 this
1084 3482 1178 3530 funeral
1198 3478 1232 3544 pil!

85 3546 117 3594 be
128 3562 177 3608 any
188 3547 332 3610 perception
345 3548 407 3596 alter
418 3547 501 3604 death,
514 3563 562 3610 you
572 3546 600 3596 of
608 3563 670 3610 your
706 3546 795 3595 sadder
808 3547 833 3594 in
845 3547 889 3608 thy
900 3562 958 3610 eyes
971 3547 1034 3595 than
1046 3548 1144 3611 tossing
1154 3548 1178 3595 in
1192 3546 1232 3595 uei

85 3626 143 3659 own
156 3612 255 3666 accord,
269 3613 281 3660 I
293 3628 334 3660 um
346 3629 409 3667 sure,
422 3612 478 3676 give
490 3628 545 3675 way
557 3621 583 3661 to
596 3612 668 3660 Pom·
706 3612 767 3660 than
776 3612 870 3674 having
881 3627 913 3659 no
926 3611 1022 3659 funeral
1035 3613 1095 3661 rites
1107 3623 1132 3661 at
1144 3613 1196 3660 all'.

86 3676 177 3752 peius’,
189 3677 238 3725 and
251 3693 279 3725 so
295 3678 337 3752 the
351 3677 436 3753 Schol.
454 3677 544 3740 rightly
557 3677 670 3753 explains
723 3677 795 3751 Ι763.
830 3673 1229 3762 ffcy'erl‘withdraw...lromthi⁵

84 3743 670 3871 rtllp‘Fl‘ssllssllqltlttffttltrhffl]
706 3742 1019 3869 ”itrfulffmna

85 3871 161 3935 Verg.
183 3872 237 3921 Ecl.
257 3884 286 3920 tv
306 3888 337 3922 το
355 3874 420 3984 r'ylsoe
440 3874 501 3920 lacte
516 3872 616 3920 domum
633 3888 669 3920 re·
741 3871 796 3933 765.
833 3873 946 3920 Caesaris
966 3873 1019 3933 ira]
1046 3873 1113 3922 bene
1134 3881 1188 3938 post
1206 3884 1232 3919 uu

76 3934 164 3998 ferent
173 3937 279 3985 dr'stenta
289 3938 358 4000 capel
367 3954 395 3986 ae
407 3938 488 3985 ubera.
706 3936 771 3985 seras
788 3937 890 3986 ultimus
906 3937 999 3986 Caesar
1014 3948 1117 3987 secutus
1132 3949 1178 3988 est.
1208 3936 1232 3986 Sc

118 4015 131 4063 7
135 4014 174 4062 55.
202 4003 303 4065 procul]
323 4004 397 4051 ‘from
409 4018 424 4051 a
435 3999 568 4051 distance’.
741 4016 795 4064 770.
832 4009 916 4050 nostra
928 4002 1020 4063 uranu]
1040 4004 1086 4067 ‘by
1095 4004 1140 4053 the
1151 4003 1232 4067 helpot

119 4079 174 4129 757.
202 4068 334 4130 premunt]
354 4070 400 4116 ‘no
420 4068 510 4116 timber
528 4070 572 4129 (sc.
592 4066 622 4116 os
637 4083 669 4116 an
706 4066 793 4125 hand‘,
808 4068 989 4131 equivalentto
1001 4075 1089 4117 nostra
1100 4078 1151 4132 ope.

84 4134 154 4189 arca)
167 4131 240 4180 holds
252 4132 270 4180 it
283 4132 329 4192 in‘,
343 4132 376 4181 cl.
389 4149 455 4197 supr.
471 4131 510 4195 56.
740 4145 796 4194 772.
830 4133 898 4193 nota]
921 4149 949 4181 as
971 4134 1054 4183 above
1079 4148 1138 4197 711,
1163 4130 1232 4182 ‘adi

115 4197 192 4257 strue]
209 4213 243 4245 sc.
257 4212 318 4258 rogo.
705 4197 823 4261 guishing
834 4198 904 4246 mark
910 4200 924 4246 '.

83 4263 180 4373 uti}
206 4261 330 4374 Ψ]
405 4262 507 4327 „„„,
524 4261 628 4325 direcuy
642 4269 669 4311 ‘⁰
723 4265 918 4377 ausu
929 4263 1041 4377 5⁰:25}
1057 4263 1232 4378 ulau

118 4342 323 4449 760.psmar'es!as
345 4392 408 4452 una]
435 4393 574 4457 ‘crowning
596 4407 667 4456 gran·
705 4344 812 4441 'clarlcnn's
825 4393 977 4457 Leucaspim,
994 4398 1047 4446 dyc.
