2746 4884
339 308 403 366 RE
407 308 434 368 C
437 307 655 368 URRENCE
686 307 747 368 OF
769 309 979 370 PHRASES
1164 307 1263 368 lxxxiii

47 461 191 545 phrases
206 463 304 528 takes
320 466 362 528 its
378 465 480 548 place.
527 467 592 529 But
608 465 665 530 the
685 465 783 530 effect
803 466 841 530 of
857 466 924 530 this
945 467 1119 531 rhetorical
1136 467 1265 550 variety

48 566 78 628 is
92 577 323 631 monotonous
339 569 372 632 in
389 589 432 632 an
448 568 521 652 epic
537 590 644 652 poem.

114 670 168 733 At
183 669 243 735 the
257 692 351 735 same
371 672 453 735 time
476 673 591 736 Lucan
612 682 735 737 cannot
757 674 856 737 avoid
878 695 920 738 an
942 674 1128 739 occasional
1146 675 1265 759 repeti·

49 774 121 838 tion
143 774 185 838 of
202 797 223 839 a
244 777 473 841 combination
495 777 535 840 of
553 778 669 841 words.
717 778 782 840 But
804 777 897 841 these
913 799 984 842 rare
1000 779 1193 861 repetitions
1209 799 1264 842 are

49 879 180 962 merely
200 880 322 958 casual‚
339 892 398 946 not
419 881 477 946 the
499 881 600 945 result
622 882 661 945 of
679 903 721 945 an
744 867 860 946 artless
881 904 918 945 or
938 883 1072 948 tasteful
1096 884 1263 947 readiness

48 992 86 1046 to
108 985 250 1068 employ
272 985 330 1050 the
353 1007 445 1050 same
468 986 588 1070 phrase
612 996 647 1050 to
672 1007 811 1069 express
837 988 894 1051 the
919 1008 1011 1050 same
1039 989 1121 1052 idea.
1166 988 1264 1070 They

10 1122 14 1145 ·.
49 1087 161 1170 might
184 1087 319 1172 happen
340 1089 412 1172 just
434 1110 471 1153 as
490 1090 564 1153 well
589 1090 621 1153 in
645 1111 751 1173 prose.
798 1091 813 1152 1
837 1092 914 1173 give
936 1090 994 1155 the
1017 1102 1105 1156 most
1128 1091 1264 1156 notable

10 1154 15 1269 i
50 1190 231 1256 instances.

50 1352 60 1393 ι
180 1356 189 1394 ι
196 1355 209 1411 5
214 1354 229 1409 5
266 1342 297 1394 in
316 1359 368 1396 sua
385 1342 492 1412 templa
510 1341 577 1396 furit
728 1355 811 1396 1200
848 1344 948 1412 Roma,
967 1343 1030 1397 fave
1048 1344 1174 1501 coeptis}

50 1438 83 1480 tx
177 1442 227 1495 321
268 1428 297 1480 in
313 1445 365 1482 sua
379 1445 467 1498 regna
481 1429 577 1484 furens
681 1441 808 1498 v111322
847 1431 947 1498 Roma,
966 1430 1030 1484 fave
1048 1431 1156 1501 coeptis

301 1646 498 1684 mansuescere
516 1629 612 1684 fauces

10 1702 12 1713 '
49 1723 223 1783 1v239—41
264 1713 288 1768 si
307 1715 414 1768 torrida
431 1731 534 1785 parvos
552 1715 630 1769 venit
649 1715 678 1768 in
694 1732 745 1768 ora
763 1732 845 1770 cruor
857 1756 1064 1770 ..................

302 1802 521 1873 admonitaeque
540 1812 649 1857 tument
667 1811 780 1872 gustato
799 1803 936 1871 sanguine
954 1803 1051 1858 fauces

10 1494 14 1633 i
49 1553 61 1596 1
119 1552 228 1607 331-2
265 1540 358 1594 nullus
378 1541 466 1596 semel
485 1557 533 1594 ore
552 1550 680 1610 receptus
699 1542 821 1610 pollutas
843 1542 949 1610 patitur
969 1541 1122 1848 sanguis]

10 1654 13 1695 ι

302 2004 443 2058 cadavera
461 2020 563 2073 campo

49 2092 229 2160 V111438-9
266 2103 294 2146 et
313 2102 410 2147 nostra
428 2093 570 2148 cadavera
588 2092 682 2161 Tigris
707 2091 806 2146 detulit
825 2092 854 2145 in
880 2101 968 2147 terras
997 2108 1031 2146 ac
1056 2093 1117 2147 red·

301 2179 371 2234 didit

53 2302 75 2345 11
173 2306 228 2361 304
265 2292 306 2346 sic
325 2301 370 2346 eat
480 2304 512 2345 1v
531 2304 634 2360 501—2
672 2291 721 2345 sed
740 2308 797 2345 non
816 2291 924 2345 maiora
942 2303 1091 2362 supersunt
1110 2293 1260 2447 obsessis!

55 2390 71 2431 v
174 2392 227 2448 297
266 2379 306 2432 sic
325 2388 370 2432 eat
478 2378 637 2448 1x865—t5
672 2378 768 2432 forsan
787 2380 895 2433 maiora
914 2390 1062 2449 supersunt
1081 2379 1214 2449 ingressis

49 1926 71 1968 tt
119 1915 229 1983 217-8
266 1933 320 1972 nec
338 1917 395 1970 iam
415 1916 511 1971 alveus
529 1933 643 1970 amnem
662 1933 714 1971 nec
733 1916 853 1970 retinent
872 1917 949 1986 ripae
968 1917 1156 2241 redditque}

40 2580 88 2624 -1x
174 2572 227 2640 987
265 2582 296 2625 ut
315 2570 395 2625 ducis
415 2571 541 2640 implevit
559 2571 636 2624 visus
655 2570 817 2624 veneranda
834 2579 959 2624 vetustas

61 2667 80 2709 x
104 2672 229 2726 239—40
263 2657 398 2727 zephyros
416 2674 528 2728 quoque
547 2674 620 2711 vana
639 2666 764 2712 vetustas
784 2656 828 2710 his
848 2656 982 2711 adscribit
1000 2657 1081 2726 aquis

57 2496 85 2538 tv
176 2499 230 2554 590
266 2486 368 2539 Antaei
387 2502 460 2555 quae
479 2501 566 2554 regna
584 2495 667 2538 vocat
686 2501 743 2537 non
762 2501 836 2538 vana
855 2494 980 2539 vetustas

54 2754 81 2801 rx
173 2759 226 2815 323
265 2745 331 2800 hinc
348 2746 463 2800 Abaton
479 2763 566 2816 quam
581 2756 678 2800 nostra
693 2755 775 2799 vocat
794 2746 956 2801 veneranda
974 2515 1118 2814 vetustasi

64 2873 79 2913 v
176 2865 231 2934 356
267 2866 370 2935 quibus
387 2866 434 2921 hic
452 2883 511 2919 non
529 2865 631 2920 sufficit
650 2864 726 2919 orbis
888 2866 904 3018 l

67 2960 83 3005 Χ
173 2954 229 3023 456
266 2954 311 3009 cui
331 2954 453 3008 Romani
472 2955 595 3026 spatium
614 2971 670 3008 non
691 2953 793 3007 sufficit
812 2953 888 3007 orbis

69 3075 83 3117 v
172 3069 225 3137 692
263 3084 325 3122 sors
343 3067 444 3121 ultima
461 3084 554 3122 rerum
739 3069 756 3224 J

69 3163 102 3207 vu
176 3169 226 3208 122
263 3154 341 3225 quod
359 3170 421 3207 sors
439 3154 509 3210 feret
527 3155 627 3209 ultima
645 3169 738 3207 rerum

70 3278 113 3324 vul
142 3287 226 3328 11-·2
264 3284 401 3344 quantum
420 3288 471 3342 pro
491 3271 621 3325 Caesaris
640 3273 700 3343 ipse
719 3271 815 3326 avolsa
834 3268 941 3324 cervice
960 3269 1039 3322 daret

71 3368 95 3413 11
111 3377 228 3432 1023-4
263 3362 397 3433 quicquid
415 3379 466 3432 pro
486 3360 586 3429 Magni
605 3361 713 3416 cervice
732 3361 815 3415 dares
1040 3272 1056 3426 i

68 3471 112 3537 'un
172 3482 227 3521 210
262 3467 310 3536 qui
330 3483 429 3537 sparsa
447 3466 527 3520 ducis
545 3465 665 3535 vestigia
682 3466 750 3535 legit

71 3559 95 3604 11
123 3568 228 3625 952-3
264 3556 344 3610 cuius
361 3555 481 3624 vestigia
498 3555 601 3608 frustra
619 3554 700 3609 terris
720 3570 819 3623 sparsa
838 3465 957 3635 legens}

298 3756 358 3810 iata
376 3765 480 3823 tecum,
497 3755 613 3823 Magne,
631 3755 725 3808 volet?

70 3672 110 3721 mr
121 3671 224 3737 360-2
262 3685 337 3723 nunc
356 3677 450 3722 tantas
468 3668 514 3721 ille
532 3668 653 3722 lacesset
671 3666 759 3721 auditi
778 3665 891 3721 victoris
910 3680 979 3733 opes
998 3673 1045 3718 aut
1064 3663 1178 3733 iungere

10 3881 14 3887 -
66 3852 110 3901 lm
176 3860 227 3916 533
265 3861 340 3898 nunc
359 3843 473 3898 victoris
492 3858 561 3913 opes
579 3853 607 3897 et
628 3843 742 3911 cognita
760 3843 819 3895 sata
837 3840 971 3895 lacessis?
1180 3668 1197 3910 i

10 3962 15 3968 '
63 3967 89 4014 tx
171 3958 227 4029 496
265 3957 388 4026 Libycae
407 3956 502 4010 finitor
519 3954 639 4009 circulus
658 3971 723 4008 orae

10 4062 18 4093 '-
59 4054 77 4102 x
175 4062 227 4102 212
264 4046 333 4100 varii
353 4054 477 4099 mutator
495 4044 614 4099 circulus
633 4043 699 4098 anni

15 4206 21 4231 1
104 4188 138 4241 In
161 4197 186 4239 11
206 4197 321 4254 341-2‚
342 4182 453 4250 378-9‚
476 4181 525 4236 the
548 4179 696 4249 repetition
716 4180 749 4232 os
755 4178 873 4249 foedera
889 4179 982 4247 prisci
998 4179 1057 4230 tori
1075 4177 1099 4231 is
1119 4179 1256 4249 probably

10 4234 20 4321 i
49 4293 84 4331 an
102 4272 271 4329 intentional
283 4270 463 4341 parallelism,
475 4269 508 4323 os
523 4285 560 4323 no
573 4276 652 4339 great
671 4267 770 4323 merit:
790 4268 846 4321 and
863 4267 984 4339 perhaps
1000 4278 1057 4320 vni
1072 4267 1184 4337 360-2‚
1197 4281 1256 4339 533,

47 4365 71 4423 is
88 4365 139 4420 the
158 4378 245 4419 same.
