2746 4884
523 305 887 368 INTRODUCTION.

354 470 391 524 ad
409 480 514 541 nuptas
532 472 716 528 redeuntibus
734 472 852 528 maritis

405 559 477 614 haec
495 569 523 616 te
543 576 599 614 non
619 560 728 629 thyasis
745 577 851 631 procax
870 560 977 616 dolosis

352 644 416 700 salsi
434 646 559 702 numinis
577 647 668 703 induit
687 649 785 717 figura,

352 732 446 803 ipsum
465 734 516 789 sed
534 733 601 789 colit
620 743 647 788 et
666 734 826 806 frequentat
844 735 940 805 ipsum

350 820 415 875 imis
433 821 517 876 altius
536 822 651 876 insitum
669 822 809 891 medullis,

353 924 387 962 ac
405 908 506 963 solatia
523 925 598 963 vana
615 908 811 964 subministrat

353 996 455 1061 vultus,
473 996 521 1066 qui
540 997 624 1051 simili
643 1007 757 1053 notatus
775 1014 844 1052 auro

354 1085 448 1140 stratis
468 1086 616 1156 praenitet,
635 1086 806 1158 incubatque
825 1104 926 1142 somno

355 1187 477 1226 securae.
515 1173 612 1242 procul
630 1173 697 1227 hinc
717 1175 793 1229 abite
811 1184 925 1243 mortes,

353 1260 425 1314 haec
443 1261 519 1316 vitae
536 1261 669 1330 genitalis
687 1272 730 1317 est
748 1263 837 1332 origo.

353 1347 435 1402 cedat
453 1348 546 1403 luctus
565 1357 644 1403 atrox
661 1350 798 1420 genisque
817 1361 933 1406 manent

354 1436 412 1490 iam
431 1437 528 1492 dulces
546 1438 688 1506 lacrimae,
707 1439 844 1509 dolorque
862 1440 951 1494 festus
1024 1491 1025 1494 ,

353 1523 491 1595 quidquid
509 1525 623 1581 fleverat
642 1535 717 1592 ante,
736 1543 811 1581 nunc
830 1527 937 1582 adoret

161 1707 214 1778 (4)
250 1708 380 1768 utantur

162 1825 172 1866 1
192 1815 224 1868 61

249 1901 376 1971 duosque
396 1902 520 1957 Senecas
538 1902 709 1972 unicumque
729 1904 874 1959 Lucanum

248 1987 372 2042 facunda
389 1988 513 2058 loquitur
532 1989 673 2044 Corduba.

162 2093 224 2148 The
244 2102 300 2147 two
319 2109 367 2146 are
387 2093 436 2147 the
457 2094 581 2148 Senecas
600 2093 693 2149 father
711 2094 767 2148 and
785 2111 845 2149 son
885 2096 918 2148 ln
940 2106 972 2148 tv
987 2109 1024 2162 40
1040 2095 1088 2150 the
1105 2096 1187 2151 three
1205 2113 1277 2153 sous
1295 2099 1326 2154 oi
1365 2124 1368 2149 ι

107 2181 157 2236 the
169 2181 247 2235 elder
260 2183 369 2236 Seneca
381 2198 429 2236 are
441 2192 544 2237 meant.
581 2187 585 2196 '

161 2296 206 2340 vn
226 2302 257 2340 21

249 2374 320 2429 haec
339 2384 382 2429 est
401 2375 449 2428 illa
468 2374 528 2429 dies
548 2391 621 2444 quae
640 2375 736 2443 magni
755 2375 870 2429 conscia
889 2384 986 2446 partus

251 2465 396 2516 Lucanum
415 2462 526 2532 populis
545 2472 574 2517 et
591 2462 652 2529 tibi,
673 2462 760 2530 Polla,
780 2463 866 2517 dedit.

249 2551 303 2604 heu
325 2550 403 2604 Nero
421 2549 543 2603 crudelis
562 2550 694 2619 nullaque
713 2549 828 2604 invisior
847 2551 955 2618 umbra,

249 2638 346 2692 debuit
364 2638 418 2692 hoc
437 2637 538 2691 saltem
557 2654 614 2690 non
633 2635 745 2691 licuisse
764 2635 823 2690 tibi.

163 2755 206 2795 vn
227 2758 260 2796 22

250 2831 323 2885 vatis
342 2830 483 2900 Apollinei
503 2847 607 2900 magno
625 2829 817 2885 memorabilis
836 2838 899 2884 ortu

251 2921 297 2973 lux
316 2919 407 2984 redit3
432 2919 577 2973 Aonidum
595 2919 687 2986 turba,
706 2918 800 2973 favete
818 2918 914 2973 sacris.

251 3008 322 3063 haec
342 3008 443 3062 meruit
461 3024 527 3062 cum
546 3017 573 3061 te
591 3007 683 3074 terris,
704 3007 827 3072 Lucane,
845 3006 970 3060 dedisset

251 3095 355 3148 mixtus
374 3093 516 3148 Castaliae
536 3093 633 3148 Baetis
652 3101 682 3146 ut
700 3102 777 3148 esset
794 3109 892 3163 aquae.

163 3211 208 3253 vu
229 3214 244 3252 2

247 3212 366 3341 ³Phoebe
384 3284 457 3352 veni,
477 3285 526 3338 sed
546 3293 668 3354 quantus
686 3300 749 3339 eras
768 3301 833 3337 cum
850 3284 926 3338 bella
943 3284 1053 3338 tonanti

252 3377 313 3445 ipse
331 3374 413 3428 dares
433 3373 532 3428 Latiae
550 3374 657 3443 plectra
676 3372 802 3427 secunda
820 3372 903 3440 lyrae.

251 3464 320 3536 quid
338 3473 418 3518 tanta
436 3480 488 3533 pro
505 3462 567 3516 luce
586 3461 701 3531 precer?
726 3470 764 3529 tu,
786 3461 874 3529 Polla,
892 3459 1025 3515 maritum

251 3569 336 3622 saepe
354 3554 432 3607 colas
451 3560 478 3605 et
497 3566 528 3606 se
547 3549 649 3605 sentiat
668 3549 716 3604 ille
732 3548 795 3604 coli.

164 3675 186 3717 x
204 3661 239 3728 64

252 3745 402 3816 contigeris
420 3744 519 3814 regina
537 3759 616 3798 meos
635 3741 659 3796 si
679 3742 758 3796 Polla
776 3741 895 3810 libellos,

252 3852 309 3889 nou
327 3834 427 3890 tetrica
444 3841 558 3888 nostros
576 3831 674 3901 excipe
692 3829 783 3885 fronte
801 3830 886 3884 iocos.

252 3922 299 3976 ille
317 3932 382 3977 tuus
399 3929 480 3975 vates
500 3919 648 3974 Heliconis
665 3917 756 3987 gloria
774 3917 861 3972 nostri

253 4010 344 4065 Pieria
362 4017 475 4063 caneret
494 4024 558 4062 curn
576 4007 636 4061 fera
653 4005 729 4060 bella
746 4003 823 4068 tuba,

252 4117 309 4155 non
327 4109 423 4152 tamen
443 4096 553 4152 erubuit
571 4096 679 4150 lascivo
698 4095 791 4150 dicere
808 4111 892 4149 versu

252 4190 292 4244 ‘si
311 4206 364 4244 nec
382 4186 525 4257 paedicor,
545 4187 638 4253 Cotta,
657 4183 726 4255 quid
744 4184 790 4239 hic
809 4183 917 4238 sacio?’

165 4294 279 4351 Genthe
291 4310 329 4363 pp
342 4292 426 4345 60-1
443 4288 510 4342 with
526 4296 606 4358 great
623 4285 797 4357 probability
809 4285 985 4356 conjectures
999 4287 1060 4342 that
1073 4287 1121 4342 the
1133 4290 1286 4357 quotation
1300 4291 1325 4348 is

110 4387 182 4444 from
197 4380 315 4437 Lucan's
329 4379 510 4435 Saturnalia.
