2746 4884
86 321 146 385 186
418 319 605 386 LUCANI
637 316 956 384 PHARSALIAE

166 482 324 548 occulere
369 482 434 546 heu
458 491 622 565 quantum
647 490 777 545 mentes
798 481 993 546 dominatur
1015 483 1051 547 in
1072 502 1182 566 aequas

168 590 255 653 iusta
278 588 402 652 Venus.
448 587 588 652 dubium
611 588 847 671 trepidumque
869 589 913 650 ad
936 586 1076 670 proelia,
1097 588 1206 670 Magne

165 704 200 758 te
222 713 354 777 quoque
376 693 455 758 iecit
477 713 589 757 amor:
618 694 710 776 quod
733 693 840 758 nolles
862 701 952 758 stare
975 693 1040 758 sub
1063 695 1128 760 ictu

169 800 337 865 Fortunae
360 819 427 882 quo
450 799 595 863 mundus
617 808 689 862 erat
712 798 934 882 Romanaque
957 798 1030 863 sata
1138 815 1191 880 730

168 906 316 969 coniunx
339 905 412 969 sola
434 903 504 968 luit
551 912 698 968 mentem
722 905 789 967 iam
813 904 917 968 uerba
939 913 1095 988 paratam

169 1009 365 1084 destituunt,
387 1006 598 1090 blandaeque
620 1007 714 1072 iuuat
737 1016 878 1071 uentura
899 1007 1091 1074 trahentem

168 1113 340 1196 indulgere
363 1133 476 1176 morae
498 1122 534 1176 et
555 1119 689 1195 tempus
712 1112 897 1177 subducere
919 1113 1006 1178 fatis

168 1227 266 1282 nocte
287 1218 351 1282 sub
373 1226 526 1282 extrema
548 1216 646 1300 pulso
668 1226 803 1300 torpore
825 1216 947 1300 quietis

168 1322 249 1385 dum
272 1322 365 1385 louet
387 1320 547 1403 amplexu
571 1320 748 1404 grauidum
773 1319 928 1385 Cornelia
951 1322 1041 1386 curis
1137 1333 1187 1403 735

169 1436 285 1509 pectus
308 1435 342 1490 et
364 1426 472 1490 auersi
496 1425 581 1508 petit
603 1424 718 1489 oscula
740 1435 837 1508 grata
860 1428 991 1491 mariti:

170 1532 314 1595 umentis
337 1531 457 1595 mirata
478 1551 582 1613 genas
605 1550 827 1614 percussaque
849 1552 950 1596 caeco

169 1634 313 1711 uolnere,
337 1654 405 1698 non
428 1635 530 1698 audet
553 1632 689 1698 flentem
712 1634 921 1719 deprendere
943 1636 1118 1720 Magnum.

169 1737 225 1802 ille
246 1758 393 1821 gemens
416 1736 487 1801 uita
510 1758 577 1801 non
602 1757 690 1802 nunc
712 1738 793 1802 mihi
817 1738 953 1814 dulcior,
977 1740 1095 1823 inquit¹

169 1861 245 1905 cum
269 1843 383 1906 taedet
405 1841 504 1918 uitae,
527 1841 616 1906 laeto
638 1843 697 1906 sed
720 1850 881 1925 tempore,
905 1842 1066 1919 coniunx,
1138 1855 1190 1924 740

169 1946 263 2009 uenit
286 1954 414 2009 maesta
436 1945 508 2008 dies
531 1954 566 2008 et
587 1965 689 2027 quam
711 1945 919 2028 nimiumque
941 1966 1126 2030 pammque

169 2050 377 2116 distulimus:
407 2053 474 2115 iam
499 2060 591 2115 totus
613 2052 709 2115 adest
732 2052 766 2114 in
789 2052 917 2134 proelia
941 2051 1076 2119 Caesar.

169 2155 357 2218 cedendum
380 2164 431 2219 est
453 2154 569 2218 bellis:
600 2174 742 2237 quorum
766 2154 828 2218 tibi
850 2163 925 2219 tuta
948 2154 1077 2220 latebra

170 2259 299 2323 Lesbos
321 2258 392 2321 erit.
438 2256 561 2321 desiste
583 2276 698 2341 preces
721 2267 906 2340 temptare:
936 2261 1060 2342 negaui

79 2431 81 2434 ,
169 2364 236 2427 iam
260 2363 360 2426 mihi:
392 2383 460 2426 non
483 2363 602 2445 longos
626 2383 646 2426 a
669 2382 724 2426 me
746 2364 875 2447 patiere
897 2384 1055 2430 recessus
1138 2375 1188 2445 745

168 2467 366 2550 praecipites
390 2467 533 2530 aderunt
555 2488 672 2531 casus:
702 2479 903 2551 properante
927 2470 1023 2534 ruina

168 2591 300 2634 summa
323 2570 456 2634 cadunt.
502 2571 583 2650 satis
606 2580 657 2635 est
680 2572 813 2635 audisse
835 2573 984 2656 pericula
1008 2573 1141 2656 Magni:

169 2694 288 2757 meque
310 2683 388 2737 tuus
411 2674 543 2757 decepit
565 2693 660 2738 amor
682 2673 792 2739 ciuilia
814 2674 903 2739 bella

168 2779 196 2842 si
219 2788 369 2861 spectare
392 2788 497 2862 potes.
545 2800 623 2843 nam
647 2800 701 2843 me
724 2780 791 2843 iam
815 2781 927 2844 Marte
950 2790 1070 2864 parato

169 2902 300 2945 securos
323 2883 451 2966 cepisse
474 2884 579 2966 pudet
602 2904 678 2947 cum
701 2885 844 2966 coniuge
865 2905 1012 2962 somnos,
1141 2897 1195 2966 750

168 3006 253 3069 eque
275 2996 344 3064 tuo,
367 2988 524 3051 miserum
548 2987 704 3070 quatiunt
727 3008 803 3052 cum
826 2988 966 3054 classica
991 2991 1159 3063 mundum,

117 3244 172 3295 777.
205 3248 233 3282 ae
250 3232 399 3295 uas]b0nas‚
409 3232 468 3296 pias
486 3232 603 3282 Grotius:
622 3232 667 3282 but
709 3233 818 3298 Magnus
834 3233 860 3282 in
877 3233 920 3284 the
936 3241 978 3283 act
995 3234 1025 3284 of
1038 3227 1234 3300 weeping’‚ci5l

83 3300 103 3349 it
121 3298 201 3362 might
244 3314 272 3346 so
291 3299 323 3347 be
341 3298 417 3346 taken
437 3312 465 3345 as
480 3298 624 3362 equivalent
642 3306 669 3347 to
708 3299 789 3352 Theb.
806 3311 971 3363 11337—339
987 3302 1100 3364 quotiens
1117 3300 1234 3348 laum·

83 3364 226 3423 constantis,
248 3364 289 3412 i.e.
316 3362 443 3427 generally
466 3362 531 3424 firm,
551 3363 581 3412 cs.
603 3363 667 3412 Hor.
707 3370 763 3412 tare
772 3365 877 3429 fletibus
893 3371 916 3414 et
935 3381 1041 3429 magnas
1060 3366 1178 3415 latrantia
1189 3364 1234 3427 7014

84 3446 159 3480 curm.
176 3441 197 3477 11
210 3428 236 3477 iii
252 3445 272 3477 ι.
708 3444 781 3478 curas
792 3430 891 3478 admota
902 3431 1023 3493 deprendo
1034 3447 1122 3481 manu.

119 3497 173 3558 778.
210 3494 287 3555 iusta]
325 3492 467 3557 equivalent
495 3501 521 3542 to
550 3493 670 3556 legitima,
743 3509 799 3558 739.
834 3496 889 3543 nita
910 3511 961 3544 non
981 3496 1064 3558 nunc]
1086 3498 1179 3546 ‘denter
1196 3500 1234 3542 to⁴

84 3559 270 3610 ‘lawfullovet
306 3558 337 3607 01.
352 3570 442 3622 1137.
709 3560 870 3620 thanliie,1
890 3577 917 3609 sa
953 3572 997 3610 not
1016 3577 1075 3610 now
1093 3563 1163 3611 when
1179 3554 1234 3608 11101

118 3641 173 3691 779.
208 3623 285 3688 qnod]
301 3623 321 3672 is
333 3623 376 3672 the
388 3573 499 3680 relative,
516 3623 570 3672 'the
581 3639 670 3672 reason
709 3625 806 3674 burden
819 3632 845 3674 to
857 3641 906 3686 me,
918 3577 965 3675 but
977 3627 1003 3676 in
1016 3627 1091 3676 times
1102 3627 1130 3676 oi
1140 3623 1234 3690 bsppiue

84 3691 142 3755 why
153 3706 201 3755 you
213 3705 278 3738 were
290 3688 420 3752 unwilling
426 3687 441 3747 ’‚
453 3688 484 3738 cs.
500 3698 558 3737 note
570 3704 603 3737 on
617 3701 625 3737 1
640 3703 670 3749 ²4
744 3703 798 3753 74¹·
835 3691 960 3753 nimium]
976 3692 1009 3740 nd
1024 3692 1087 3741 belli
1104 3693 1226 3746 rationem

83 3758 159 3806 Ver.
179 3757 242 3804 Aen.
263 3766 283 3802 11
306 3756 360 3814 180,
380 3754 480 3803 Lucret.
498 3766 527 3802 1v
542 3756 589 3814 885
609 3753 670 3803 with
710 3772 777 3810 mm,
790 3755 822 3805 ad
836 3755 961 3806 aflectum.
999 3757 1137 3807 Scholiast.

83 3823 122 3871 Dr
163 3819 247 3869 unro's
258 3827 325 3868 note.
744 3835 797 3883 74²·
832 3820 908 3882 totus]
928 3822 1003 3871 ‘with
1020 3823 1055 3871 all
1074 3823 1114 3873 his
1130 3821 1234 3881 lorce',d

117 3887 160 3935 sub
171 3885 231 3946 ictu]
246 3884 367 3948 ‘exposed
379 3892 406 3932 to
417 3882 535 3933 fortune's
546 3883 613 3933 blow
621 3882 636 3932 ’.
710 3889 766 3947 485.
799 3886 864 3934 Hor.
877 3902 955 3936 carm.
968 3899 978 3935 1
992 3887 1034 3937 xix
1045 3903 1061 3952 9
1074 3889 1104 3938 in
1116 3905 1153 3938 me
1162 3894 1208 3937 tota
1217 3900 1234 3934 n

119 3965 174 4015 732.
208 3950 358 4013 blandaeque
375 3949 460 4010 iuuat]
479 3949 624 4013 ‘indulging
644 3949 671 3998 in
715 3951 804 3999 Venus.

84 4016 208 4080 tempting
219 4016 292 4078 delay
303 4023 330 4063 to
342 4021 386 4078 put
399 4014 437 4062 off
441 4013 508 4062 what
517 4022 581 4063 must
591 4030 669 4072 come,
744 4029 798 4077 744.
828 4018 919 4080 negaui
929 4018 980 4066 iam
993 4018 1071 4081 mike]
1086 4019 1114 4069 ‘1
1125 4019 1187 4069 hove
1197 4016 1234 4067 aln

85 4083 135 4131 and
146 4081 209 4130 steal
220 4096 289 4129 some
301 4085 424 4128 moments
436 4078 499 4127 irom
511 4077 630 4143 destiny’.
709 4080 762 4129 said
774 4080 833 4130 ‘no'
842 4091 869 4130 to
877 4082 979 4146 mysels’
989 4099 1024 4133 sc.
1036 4086 1148 4149 cupr'enti
1157 4092 1178 4134 te
1186 4083 1234 4133 reni

119 4144 174 4208 736.
209 4144 303 4205 auerst]
329 4144 399 4193 ‘who
421 4152 490 4193 tums
513 4160 584 4208 away
606 4143 670 4194 from
743 4157 798 4207 747.
828 4148 1234 4216 summa]ci.17osumnrisquaen

85 4211 149 4260 her’.
709 4216 763 4258 tum
775 4219 840 4260 stare
850 4213 901 4261 diu.

85 4273 282 4389 froiriiiercm]
297 4273 338 4323 ie.
355 4274 439 4325 whose
454 4289 528 4324 cause
543 4274 564 4323 is
575 4272 670 4324 hidden
709 4341 734 4389 in
744 4278 799 4389 7481.
817 4278 980 4391 ἵιεᾳιιεὲιιω]
991 4279 1020 4393 {sl
1032 4279 1100 4331 have
1109 4280 1234 4398 00033007

206 4376 212 4389 .
763 4358 779 4389 o
797 4358 808 4389 r
829 4358 904 4391 oveo
931 4359 997 4393 mer
1043 4361 1077 4396 ou

120 4406 175 4469 738.
200 4405 306 4469 flentem
333 4403 488 4468 deprendere]
519 4405 557 4453 ‘to
586 4403 668 4454 detect
709 4358 873 4472 speyctacleos
882 4408 940 4458 civil
953 4362 1043 4459 wur'.y
1090 4362 1139 4398 m
1199 4361 1234 4397 m
