<?xml version="1.0" encoding="UTF-8"?>
<!DOCTYPE html PUBLIC "-//W3C//DTD XHTML 1.0 Transitional//EN"
    "http://www.w3.org/TR/xhtml1/DTD/xhtml1-transitional.dtd">
<html xmlns="http://www.w3.org/1999/xhtml" xml:lang="en" lang="en">
 <head>
  <title>
</title>
<meta http-equiv="Content-Type" content="text/html;charset=utf-8" />
  <meta name='ocr-system' content='tesseract 3.04.00' />
  <meta name='ocr-capabilities' content='ocr_page ocr_carea ocr_par ocr_line ocrx_word'/>
</head>
<body>
  <div class='ocr_page' id='page_1' title='image "./mannaeilucaniph00haskgoog_0212.png"; bbox 0 0 2746 4884; ppageno 0'>
   <div class='ocr_carea' id='block_1_1' title="bbox 421 308 855 390">
    <p class='ocr_par' dir='ltr' id='par_1_1' title="bbox 421 308 855 390">
     <span class='ocr_line' id='line_1_1' title="bbox 421 308 855 390; baseline 0.005 -18"><span class='ocrx_word' id='word_1_1' title='bbox 421 308 566 372; x_wconf 74' lang='lat' dir='ltr'>muer</span> <span class='ocrx_word' id='word_1_2' title='bbox 599 309 643 372; x_wconf 93' lang='lat'>11.</span> <span class='ocrx_word' id='word_1_3' title='bbox 674 310 855 390; x_wconf 84' lang='lat'><strong>620-663.</strong></span> 
     </span>
    </p>
   </div>
   <div class='ocr_carea' id='block_1_2' title="bbox 117 471 1152 1177">
    <p class='ocr_par' dir='ltr' id='par_1_2' title="bbox 118 471 1028 556">
     <span class='ocr_line' id='line_1_2' title="bbox 118 471 1028 556; baseline 0.002 -20"><span class='ocrx_word' id='word_1_4' title='bbox 118 475 217 556; x_wconf 84' lang='lat' dir='ltr'>pigra</span> <span class='ocrx_word' id='word_1_5' title='bbox 239 472 336 556; x_wconf 86' lang='lat' dir='ltr'>palus</span> <span class='ocrx_word' id='word_1_6' title='bbox 359 471 510 555; x_wconf 81' lang='lat' dir='ltr'>Scythici</span> <span class='ocrx_word' id='word_1_7' title='bbox 534 473 666 554; x_wconf 86' lang='lat' dir='ltr'>patiens</span> <span class='ocrx_word' id='word_1_8' title='bbox 690 473 858 537; x_wconf 87' lang='lat' dir='ltr'>Maeotica</span> <span class='ocrx_word' id='word_1_9' title='bbox 881 473 1028 556; x_wconf 89' lang='lat' dir='ltr'>plaustri.</span> 
     </span>
    </p>

    <p class='ocr_par' dir='ltr' id='par_1_3' title="bbox 117 575 1097 870">
     <span class='ocr_line' id='line_1_3' title="bbox 117 575 1097 659; baseline 0.003 -20"><span class='ocrx_word' id='word_1_10' title='bbox 117 577 181 640; x_wconf 90' lang='lat' dir='ltr'>sed</span> <span class='ocrx_word' id='word_1_11' title='bbox 204 577 285 659; x_wconf 94' lang='lat' dir='ltr'>quid</span> <span class='ocrx_word' id='word_1_12' title='bbox 308 575 404 658; x_wconf 92' lang='lat' dir='ltr'>plura</span> <span class='ocrx_word' id='word_1_13' title='bbox 427 575 562 639; x_wconf 88' lang='lat' dir='ltr'>moror?</span> <span class='ocrx_word' id='word_1_14' title='bbox 592 584 684 640; x_wconf 91' lang='lat' dir='ltr'>totos</span> <span class='ocrx_word' id='word_1_15' title='bbox 707 595 790 651; x_wconf 87' lang='lat' dir='ltr'>mea,</span> <span class='ocrx_word' id='word_1_16' title='bbox 813 586 901 653; x_wconf 82' lang='lat' dir='ltr'>nate,</span> <span class='ocrx_word' id='word_1_17' title='bbox 924 597 983 659; x_wconf 85' lang='lat' dir='ltr'>per</span> <span class='ocrx_word' id='word_1_18' title='bbox 1005 585 1097 642; x_wconf 92' lang='lat' dir='ltr'>ortus</span> 
     </span>
     <span class='ocr_line' id='line_1_4' title="bbox 118 679 929 763; baseline 0 -19"><span class='ocrx_word' id='word_1_19' title='bbox 118 680 212 745; x_wconf 91' lang='lat' dir='ltr'>bella</span> <span class='ocrx_word' id='word_1_20' title='bbox 234 681 318 744; x_wconf 82' lang='lat' dir='ltr'>feres</span> <span class='ocrx_word' id='word_1_21' title='bbox 340 689 481 763; x_wconf 91' lang='lat' dir='ltr'>totoque</span> <span class='ocrx_word' id='word_1_22' title='bbox 503 679 602 743; x_wconf 90' lang='lat' dir='ltr'>urbes</span> <span class='ocrx_word' id='word_1_23' title='bbox 624 680 769 762; x_wconf 85' lang='lat' dir='ltr'>agitabis</span> <span class='ocrx_word' id='word_1_24' title='bbox 792 680 825 744; x_wconf 92' lang='lat' dir='ltr'>in</span> <span class='ocrx_word' id='word_1_25' title='bbox 849 681 929 745; x_wconf 89' lang='lat' dir='ltr'>orbe</span> 
     </span>
     <span class='ocr_line' id='line_1_5' title="bbox 118 784 1038 870; baseline 0.003 -22"><span class='ocrx_word' id='word_1_26' title='bbox 118 785 348 869; x_wconf 88' lang='lat' dir='ltr'>perdomitas:</span> <span class='ocrx_word' id='word_1_27' title='bbox 377 803 494 848; x_wconf 87' lang='lat' dir='ltr'>omnes</span> <span class='ocrx_word' id='word_1_28' title='bbox 518 784 656 847; x_wconf 85' lang='lat' dir='ltr'>redeant</span> <span class='ocrx_word' id='word_1_29' title='bbox 680 785 713 847; x_wconf 91' lang='lat' dir='ltr'>in</span> <span class='ocrx_word' id='word_1_30' title='bbox 737 795 845 848; x_wconf 88' lang='lat' dir='ltr'>castra</span> <span class='ocrx_word' id='word_1_31' title='bbox 868 786 1038 870; x_wconf 89' lang='lat' dir='ltr'>triumphi.</span> 
     </span>
    </p>

    <p class='ocr_par' dir='ltr' id='par_1_4' title="bbox 120 887 1152 1177">
     <span class='ocr_line' id='line_1_6' title="bbox 120 887 1152 973; baseline 0.002 -21"><span class='ocrx_word' id='word_1_32' title='bbox 120 900 157 952; x_wconf 89' lang='lat' dir='ltr'>et</span> <span class='ocrx_word' id='word_1_33' title='bbox 181 910 250 963; x_wconf 90' lang='lat' dir='ltr'>uos,</span> <span class='ocrx_word' id='word_1_34' title='bbox 273 889 329 970; x_wconf 91' lang='lat' dir='ltr'>qui</span> <span class='ocrx_word' id='word_1_35' title='bbox 352 888 471 952; x_wconf 91' lang='lat' dir='ltr'>Latios</span> <span class='ocrx_word' id='word_1_36' title='bbox 494 887 635 968; x_wconf 85' lang='lat' dir='ltr'>signatis</span> <span class='ocrx_word' id='word_1_37' title='bbox 658 888 794 951; x_wconf 90' lang='lat' dir='ltr'>nomine</span> <span class='ocrx_word' id='word_1_38' title='bbox 816 888 930 965; x_wconf 80' lang='lat' dir='ltr'>fastos,</span> <span class='ocrx_word' id='word_1_39' title='bbox 1091 890 1152 973; x_wconf 83' lang='lat'>645</span> 
     </span>
     <span class='ocr_line' id='line_1_7' title="bbox 120 991 1037 1077; baseline 0 -20"><span class='ocrx_word' id='word_1_40' title='bbox 120 995 250 1077; x_wconf 91' lang='lat' dir='ltr'>primus</span> <span class='ocrx_word' id='word_1_41' title='bbox 274 993 307 1056; x_wconf 94' lang='lat' dir='ltr'>in</span> <span class='ocrx_word' id='word_1_42' title='bbox 331 993 471 1074; x_wconf 86' lang='lat' dir='ltr'>Epirum</span> <span class='ocrx_word' id='word_1_43' title='bbox 497 991 621 1054; x_wconf 91' lang='lat' dir='ltr'>Boreas</span> <span class='ocrx_word' id='word_1_44' title='bbox 643 999 743 1073; x_wconf 86' lang='lat' dir='ltr'>agat:</span> <span class='ocrx_word' id='word_1_45' title='bbox 775 992 853 1056; x_wconf 90' lang='lat' dir='ltr'>inde</span> <span class='ocrx_word' id='word_1_46' title='bbox 876 1013 935 1074; x_wconf 90' lang='lat' dir='ltr'>per</span> <span class='ocrx_word' id='word_1_47' title='bbox 957 1013 1037 1058; x_wconf 88' lang='lat' dir='ltr'>arua</span> 
     </span>
     <span class='ocr_line' id='line_1_8' title="bbox 121 1088 1001 1177; baseline -0.002 -16"><span class='ocrx_word' id='word_1_48' title='bbox 121 1097 302 1162; x_wconf 86' lang='lat' dir='ltr'>Graiorum</span> <span class='ocrx_word' id='word_1_49' title='bbox 326 1095 566 1176; x_wconf 86' lang='lat' dir='ltr'>Macetumque</span> <span class='ocrx_word' id='word_1_50' title='bbox 590 1114 695 1157; x_wconf 87' lang='lat' dir='ltr'>nouas</span> <span class='ocrx_word' id='word_1_51' title='bbox 717 1088 883 1177; x_wconf 85' lang='lat' dir='ltr'>adquirite</span> <span class='ocrx_word' id='word_1_52' title='bbox 906 1096 1001 1173; x_wconf 88' lang='lat' dir='ltr'>uires,</span> 
     </span>
    </p>
   </div>
   <div class='ocr_carea' id='block_1_3' title="bbox 120 1197 1158 2841">
    <p class='ocr_par' dir='ltr' id='par_1_5' title="bbox 120 1197 1102 1387">
     <span class='ocr_line' id='line_1_9' title="bbox 120 1197 1102 1283; baseline 0 -18"><span class='ocrx_word' id='word_1_53' title='bbox 120 1204 205 1266; x_wconf 91' lang='lat' dir='ltr'>dum</span> <span class='ocrx_word' id='word_1_54' title='bbox 229 1201 302 1283; x_wconf 87' lang='lat' dir='ltr'>paci</span> <span class='ocrx_word' id='word_1_55' title='bbox 327 1201 387 1267; x_wconf 87' lang='lat' dir='ltr'>dat</span> <span class='ocrx_word' id='word_1_56' title='bbox 409 1208 543 1280; x_wconf 91' lang='lat' dir='ltr'>tempus</span> <span class='ocrx_word' id='word_1_57' title='bbox 564 1197 704 1281; x_wconf 90' lang='lat' dir='ltr'>hiemps.</span> <span class='ocrx_word' id='word_1_58' title='bbox 748 1201 795 1263; x_wconf 91' lang='lat' dir='ltr'>sic</span> <span class='ocrx_word' id='word_1_59' title='bbox 818 1200 905 1264; x_wconf 83' lang='lat' dir='ltr'>satur</span> <span class='ocrx_word' id='word_1_60' title='bbox 927 1210 961 1265; x_wconf 89' lang='lat' dir='ltr'>et</span> <span class='ocrx_word' id='word_1_61' title='bbox 984 1220 1102 1265; x_wconf 88' lang='lat' dir='ltr'>omnes</span> 
     </span>
     <span class='ocr_line' id='line_1_10' title="bbox 120 1302 1024 1387; baseline -0.001 -19"><span class='ocrx_word' id='word_1_62' title='bbox 120 1308 213 1368; x_wconf 90' lang='lat' dir='ltr'>iussa</span> <span class='ocrx_word' id='word_1_63' title='bbox 235 1311 355 1386; x_wconf 82' lang='lat' dir='ltr'>gerunt</span> <span class='ocrx_word' id='word_1_64' title='bbox 377 1302 580 1384; x_wconf 91' lang='lat' dir='ltr'>soluuntque</span> <span class='ocrx_word' id='word_1_65' title='bbox 603 1323 704 1365; x_wconf 91' lang='lat' dir='ltr'>cauas</span> <span class='ocrx_word' id='word_1_66' title='bbox 726 1323 747 1365; x_wconf 93' lang='lat' dir='ltr'>a</span> <span class='ocrx_word' id='word_1_67' title='bbox 769 1303 865 1367; x_wconf 89' lang='lat' dir='ltr'>litore</span> <span class='ocrx_word' id='word_1_68' title='bbox 887 1324 1024 1387; x_wconf 90' lang='lat' dir='ltr'>puppes.</span> 
     </span>
    </p>

    <p class='ocr_par' dir='ltr' id='par_1_6' title="bbox 120 1406 1158 2841">
     <span class='ocr_line' id='line_1_11' title="bbox 167 1406 1156 1491; baseline 0.003 -20"><span class='ocrx_word' id='word_1_69' title='bbox 167 1418 203 1472; x_wconf 90' lang='lat' dir='ltr'>at</span> <span class='ocrx_word' id='word_1_70' title='bbox 227 1427 409 1489; x_wconf 87' lang='lat' dir='ltr'>numquam</span> <span class='ocrx_word' id='word_1_71' title='bbox 432 1406 564 1488; x_wconf 90' lang='lat' dir='ltr'>patiens</span> <span class='ocrx_word' id='word_1_72' title='bbox 587 1408 680 1489; x_wconf 90' lang='lat' dir='ltr'>pacis</span> <span class='ocrx_word' id='word_1_73' title='bbox 703 1407 889 1490; x_wconf 88' lang='lat' dir='ltr'>longaeque</span> <span class='ocrx_word' id='word_1_74' title='bbox 911 1410 1033 1491; x_wconf 91' lang='lat' dir='ltr'>quietis</span> <span class='ocrx_word' id='word_1_75' title='bbox 1091 1408 1156 1491; x_wconf 82' lang='lat'>650</span> 
     </span>
     <span class='ocr_line' id='line_1_12' title="bbox 121 1509 871 1591; baseline 0.001 -17"><span class='ocrx_word' id='word_1_76' title='bbox 121 1529 303 1586; x_wconf 85' lang='lat' dir='ltr'>armorum,</span> <span class='ocrx_word' id='word_1_77' title='bbox 327 1510 472 1591; x_wconf 91' lang='lat' dir='ltr'>nequid</span> <span class='ocrx_word' id='word_1_78' title='bbox 496 1509 574 1574; x_wconf 88' lang='lat' dir='ltr'>satis</span> <span class='ocrx_word' id='word_1_79' title='bbox 597 1519 727 1574; x_wconf 92' lang='lat' dir='ltr'>mutare</span> <span class='ocrx_word' id='word_1_80' title='bbox 748 1510 871 1588; x_wconf 84' lang='lat' dir='ltr'>liceret,</span> 
     </span>
     <span class='ocr_line' id='line_1_13' title="bbox 120 1615 982 1699; baseline 0 -19"><span class='ocrx_word' id='word_1_81' title='bbox 120 1617 319 1699; x_wconf 88' lang='lat' dir='ltr'>adsequitur</span> <span class='ocrx_word' id='word_1_82' title='bbox 339 1615 519 1697; x_wconf 82' lang='lat' dir='ltr'>generique</span> <span class='ocrx_word' id='word_1_83' title='bbox 541 1615 662 1696; x_wconf 90' lang='lat' dir='ltr'>premit</span> <span class='ocrx_word' id='word_1_84' title='bbox 686 1615 828 1696; x_wconf 86' lang='lat' dir='ltr'>uestigia</span> <span class='ocrx_word' id='word_1_85' title='bbox 851 1615 982 1680; x_wconf 89' lang='lat' dir='ltr'>Caesar.</span> 
     </span>
     <span class='ocr_line' id='line_1_14' title="bbox 120 1718 890 1799; baseline -0.004 -15"><span class='ocrx_word' id='word_1_86' title='bbox 120 1719 312 1784; x_wconf 87' lang='lat' dir='ltr'>sufficerent</span> <span class='ocrx_word' id='word_1_87' title='bbox 334 1718 407 1783; x_wconf 87' lang='lat' dir='ltr'>aliis</span> <span class='ocrx_word' id='word_1_88' title='bbox 430 1719 540 1799; x_wconf 89' lang='lat' dir='ltr'>primo</span> <span class='ocrx_word' id='word_1_89' title='bbox 563 1726 615 1780; x_wconf 89' lang='lat' dir='ltr'>tot</span> <span class='ocrx_word' id='word_1_90' title='bbox 638 1718 771 1781; x_wconf 88' lang='lat' dir='ltr'>moenia</span> <span class='ocrx_word' id='word_1_91' title='bbox 794 1738 890 1781; x_wconf 89' lang='lat' dir='ltr'>cursu</span> 
     </span>
     <span class='ocr_line' id='line_1_15' title="bbox 121 1819 975 1905; baseline -0.001 -20"><span class='ocrx_word' id='word_1_92' title='bbox 121 1832 231 1905; x_wconf 86' lang='lat' dir='ltr'>rapta,</span> <span class='ocrx_word' id='word_1_93' title='bbox 252 1831 304 1885; x_wconf 91' lang='lat' dir='ltr'>tot</span> <span class='ocrx_word' id='word_1_94' title='bbox 326 1841 505 1903; x_wconf 91' lang='lat' dir='ltr'>oppressae</span> <span class='ocrx_word' id='word_1_95' title='bbox 527 1819 676 1902; x_wconf 90' lang='lat' dir='ltr'>depulsis</span> <span class='ocrx_word' id='word_1_96' title='bbox 698 1819 851 1884; x_wconf 90' lang='lat' dir='ltr'>hostibus</span> <span class='ocrx_word' id='word_1_97' title='bbox 874 1841 975 1898; x_wconf 90' lang='lat' dir='ltr'>arces,</span> 
     </span>
     <span class='ocr_line' id='line_1_16' title="bbox 120 1923 1153 2009; baseline 0.003 -20"><span class='ocrx_word' id='word_1_98' title='bbox 120 1928 198 2009; x_wconf 87' lang='lat' dir='ltr'>ipsa</span> <span class='ocrx_word' id='word_1_99' title='bbox 219 1934 321 2007; x_wconf 87' lang='lat' dir='ltr'>caput</span> <span class='ocrx_word' id='word_1_100' title='bbox 344 1925 460 1989; x_wconf 90' lang='lat' dir='ltr'>mundi</span> <span class='ocrx_word' id='word_1_101' title='bbox 483 1923 647 1988; x_wconf 92' lang='lat' dir='ltr'>bellorum</span> <span class='ocrx_word' id='word_1_102' title='bbox 670 1925 821 1989; x_wconf 87' lang='lat' dir='ltr'>maxima</span> <span class='ocrx_word' id='word_1_103' title='bbox 844 1945 971 1990; x_wconf 89' lang='lat' dir='ltr'>merces</span> <span class='ocrx_word' id='word_1_104' title='bbox 1092 1930 1153 2009; x_wconf 88' lang='grc'>655</span> 
     </span>
     <span class='ocr_line' id='line_1_17' title="bbox 123 2028 1152 2118; baseline 0.002 -23"><span class='ocrx_word' id='word_1_105' title='bbox 123 2030 239 2095; x_wconf 86' lang='lat' dir='ltr'>Roma</span> <span class='ocrx_word' id='word_1_106' title='bbox 261 2029 336 2111; x_wconf 89' lang='lat' dir='ltr'>capi</span> <span class='ocrx_word' id='word_1_107' title='bbox 359 2028 472 2092; x_wconf 84' lang='lat' dir='ltr'>facilis.</span> <span class='ocrx_word' id='word_1_108' title='bbox 516 2030 576 2093; x_wconf 89' lang='lat' dir='ltr'>sed</span> <span class='ocrx_word' id='word_1_109' title='bbox 601 2029 726 2118; x_wconf 83' lang='lat' dir='ltr'>Caesar</span> <span class='ocrx_word' id='word_1_110' title='bbox 748 2031 781 2093; x_wconf 93' lang='lat' dir='ltr'>in</span> <span class='ocrx_word' id='word_1_111' title='bbox 805 2032 919 2094; x_wconf 87' lang='lat' dir='ltr'>omnia</span> <span class='ocrx_word' id='word_1_112' title='bbox 941 2051 1110 2114; x_wconf 90' lang='lat' dir='ltr'>praeceps,</span> <span class='ocrx_word' id='word_1_113' title='bbox 1151 2095 1152 2098; x_wconf 73' lang='grc'>,</span> 
     </span>
     <span class='ocr_line' id='line_1_18' title="bbox 121 2133 1085 2218; baseline 0.002 -21"><span class='ocrx_word' id='word_1_114' title='bbox 121 2134 171 2198; x_wconf 92' lang='lat' dir='ltr'>nil</span> <span class='ocrx_word' id='word_1_115' title='bbox 195 2143 308 2198; x_wconf 89' lang='lat' dir='ltr'>actum</span> <span class='ocrx_word' id='word_1_116' title='bbox 331 2133 470 2197; x_wconf 92' lang='lat' dir='ltr'>credens</span> <span class='ocrx_word' id='word_1_117' title='bbox 492 2153 569 2196; x_wconf 92' lang='lat' dir='ltr'>curn</span> <span class='ocrx_word' id='word_1_118' title='bbox 592 2135 672 2217; x_wconf 92' lang='lat' dir='ltr'>quid</span> <span class='ocrx_word' id='word_1_119' title='bbox 695 2145 884 2218; x_wconf 88' lang='lat' dir='ltr'>superesset</span> <span class='ocrx_word' id='word_1_120' title='bbox 906 2138 1085 2218; x_wconf 79' lang='lat' dir='ltr'>agendum,</span> 
     </span>
     <span class='ocr_line' id='line_1_19' title="bbox 122 2237 1117 2321; baseline 0.003 -20"><span class='ocrx_word' id='word_1_121' title='bbox 122 2239 229 2301; x_wconf 89' lang='lat' dir='ltr'>instat</span> <span class='ocrx_word' id='word_1_122' title='bbox 251 2247 372 2302; x_wconf 84' lang='lat' dir='ltr'>atrox:</span> <span class='ocrx_word' id='word_1_123' title='bbox 400 2248 435 2303; x_wconf 90' lang='lat' dir='ltr'>et</span> <span class='ocrx_word' id='word_1_124' title='bbox 457 2237 575 2314; x_wconf 88' lang='lat' dir='ltr'>adhuc,</span> <span class='ocrx_word' id='word_1_125' title='bbox 598 2240 752 2321; x_wconf 90' lang='lat' dir='ltr'>quamuis</span> <span class='ocrx_word' id='word_1_126' title='bbox 775 2241 961 2321; x_wconf 91' lang='lat' dir='ltr'>possederit</span> <span class='ocrx_word' id='word_1_127' title='bbox 982 2259 1117 2305; x_wconf 90' lang='lat' dir='ltr'>omnem</span> 
     </span>
     <span class='ocr_line' id='line_1_20' title="bbox 122 2341 987 2426; baseline 0.005 -22"><span class='ocrx_word' id='word_1_128' title='bbox 122 2341 271 2417; x_wconf 80' lang='lat' dir='ltr'>Italiam,</span> <span class='ocrx_word' id='word_1_129' title='bbox 293 2352 446 2406; x_wconf 88' lang='lat' dir='ltr'>extremo</span> <span class='ocrx_word' id='word_1_130' title='bbox 468 2343 584 2407; x_wconf 92' lang='lat' dir='ltr'>sedeat</span> <span class='ocrx_word' id='word_1_131' title='bbox 607 2344 698 2425; x_wconf 92' lang='lat' dir='ltr'>quod</span> <span class='ocrx_word' id='word_1_132' title='bbox 722 2343 817 2409; x_wconf 89' lang='lat' dir='ltr'>litore</span> <span class='ocrx_word' id='word_1_133' title='bbox 841 2344 987 2426; x_wconf 87' lang='lat' dir='ltr'>Magnus</span> 
     </span>
     <span class='ocr_line' id='line_1_21' title="bbox 123 2447 1158 2532; baseline 0.004 -23"><span class='ocrx_word' id='word_1_134' title='bbox 123 2466 339 2510; x_wconf 89' lang='lat' dir='ltr'>communem</span> <span class='ocrx_word' id='word_1_135' title='bbox 362 2456 475 2510; x_wconf 89' lang='lat' dir='ltr'>tamen</span> <span class='ocrx_word' id='word_1_136' title='bbox 499 2468 571 2511; x_wconf 91' lang='lat' dir='ltr'>esse</span> <span class='ocrx_word' id='word_1_137' title='bbox 593 2447 703 2512; x_wconf 89' lang='lat' dir='ltr'>dolet:</span> <span class='ocrx_word' id='word_1_138' title='bbox 734 2468 795 2512; x_wconf 91' lang='lat' dir='ltr'>nec</span> <span class='ocrx_word' id='word_1_139' title='bbox 818 2469 927 2512; x_wconf 90' lang='lat' dir='ltr'>rursus</span> <span class='ocrx_word' id='word_1_140' title='bbox 950 2458 1067 2532; x_wconf 87' lang='lat' dir='ltr'>aperto</span> <span class='ocrx_word' id='word_1_141' title='bbox 1093 2450 1158 2513; x_wconf 92' lang='lat'>660</span> 
     </span>
     <span class='ocr_line' id='line_1_22' title="bbox 124 2551 962 2630; baseline 0.004 -17"><span class='ocrx_word' id='word_1_142' title='bbox 124 2551 197 2614; x_wconf 89' lang='lat' dir='ltr'>uolt</span> <span class='ocrx_word' id='word_1_143' title='bbox 219 2551 333 2615; x_wconf 90' lang='lat' dir='ltr'>hostes</span> <span class='ocrx_word' id='word_1_144' title='bbox 356 2571 464 2616; x_wconf 86' lang='lat' dir='ltr'>errare</span> <span class='ocrx_word' id='word_1_145' title='bbox 486 2552 580 2630; x_wconf 80' lang='lat' dir='ltr'>freto,</span> <span class='ocrx_word' id='word_1_146' title='bbox 603 2553 662 2616; x_wconf 90' lang='lat' dir='ltr'>sed</span> <span class='ocrx_word' id='word_1_147' title='bbox 687 2552 832 2617; x_wconf 91' lang='lat' dir='ltr'>molibus</span> <span class='ocrx_word' id='word_1_148' title='bbox 855 2553 962 2617; x_wconf 91' lang='lat' dir='ltr'>undas</span> 
     </span>
     <span class='ocr_line' id='line_1_23' title="bbox 123 2652 932 2739; baseline 0.005 -24"><span class='ocrx_word' id='word_1_149' title='bbox 123 2652 269 2718; x_wconf 90' lang='lat' dir='ltr'>obstruit</span> <span class='ocrx_word' id='word_1_150' title='bbox 292 2663 326 2717; x_wconf 91' lang='lat' dir='ltr'>et</span> <span class='ocrx_word' id='word_1_151' title='bbox 349 2654 454 2717; x_wconf 90' lang='lat' dir='ltr'>latum</span> <span class='ocrx_word' id='word_1_152' title='bbox 478 2655 616 2719; x_wconf 91' lang='lat' dir='ltr'>deiectis</span> <span class='ocrx_word' id='word_1_153' title='bbox 639 2655 776 2739; x_wconf 87' lang='lat' dir='ltr'>rupibus</span> <span class='ocrx_word' id='word_1_154' title='bbox 799 2675 932 2737; x_wconf 90' lang='lat' dir='ltr'>aequor.</span> 
     </span>
     <span class='ocr_line' id='line_1_24' title="bbox 123 2755 1055 2841; baseline 0.001 -21"><span class='ocrx_word' id='word_1_155' title='bbox 123 2755 215 2820; x_wconf 88' lang='lat' dir='ltr'>cedit</span> <span class='ocrx_word' id='word_1_156' title='bbox 236 2756 271 2820; x_wconf 91' lang='lat' dir='ltr'>in</span> <span class='ocrx_word' id='word_1_157' title='bbox 294 2756 495 2820; x_wconf 87' lang='lat' dir='ltr'>immensum</span> <span class='ocrx_word' id='word_1_158' title='bbox 518 2778 631 2822; x_wconf 87' lang='lat' dir='ltr'>cassus</span> <span class='ocrx_word' id='word_1_159' title='bbox 655 2757 766 2823; x_wconf 87' lang='lat' dir='ltr'>labor:</span> <span class='ocrx_word' id='word_1_160' title='bbox 796 2759 910 2822; x_wconf 92' lang='lat' dir='ltr'>omnia</span> <span class='ocrx_word' id='word_1_161' title='bbox 931 2767 1055 2841; x_wconf 88' lang='lat' dir='ltr'>pontus</span> 
     </span>
    </p>
   </div>
   <div class='ocr_carea' id='block_1_4' title="bbox 63 2934 1249 4371">
    <p class='ocr_par' dir='ltr' id='par_1_7' title="bbox 63 2934 1248 3074">
     <span class='ocr_line' id='line_1_25' title="bbox 63 2934 1248 3074; baseline 0.003 -16"><span class='ocrx_word' id='word_1_162' title='bbox 63 2942 624 3074; x_wconf 49' lang='lat' dir='ltr'>[rennuunt</span> <span class='ocrx_word' id='word_1_163' title='bbox 662 2934 1248 3061; x_wconf 50' lang='lat' dir='ltr'>riusaraciniscum</span> 
     </span>
    </p>

    <p class='ocr_par' dir='ltr' id='par_1_8' title="bbox 63 3024 1246 3148">
     <span class='ocr_line' id='line_1_26' title="bbox 63 3024 1246 3148; baseline 0.003 -24"><span class='ocrx_word' id='word_1_164' title='bbox 63 3070 135 3124; x_wconf 83' lang='lat' dir='ltr'>lerod.</span> <span class='ocrx_word' id='word_1_165' title='bbox 148 3087 179 3124; x_wconf 78' lang='lat' dir='ltr'>iv</span> <span class='ocrx_word' id='word_1_166' title='bbox 192 3076 231 3123; x_wconf 73' lang='lat'>28.</span> <span class='ocrx_word' id='word_1_167' title='bbox 661 3073 683 3124; x_wconf 90' lang='lat' dir='ltr'>is</span> <span class='ocrx_word' id='word_1_168' title='bbox 694 3075 721 3123; x_wconf 90' lang='lat' dir='ltr'>in</span> <span class='ocrx_word' id='word_1_169' title='bbox 730 3074 772 3124; x_wconf 87' lang='lat' dir='ltr'>the</span> <span class='ocrx_word' id='word_1_170' title='bbox 781 3082 835 3148; x_wconf 79' lang='lat' dir='ltr'>pust</span> <span class='ocrx_word' id='word_1_171' title='bbox 844 3081 921 3128; x_wconf 85' lang='lat' dir='ltr'>tense.</span> <span class='ocrx_word' id='word_1_172' title='bbox 932 3024 1037 3123; x_wconf 70' lang='lat' dir='ltr'>becahse</span> <span class='ocrx_word' id='word_1_173' title='bbox 1045 3074 1064 3123; x_wconf 89' lang='lat' dir='ltr'>it</span> <span class='ocrx_word' id='word_1_174' title='bbox 1074 3025 1246 3140; x_wconf 68' lang='lat' dir='ltr'>isgdependent</span> 
     </span>
    </p>

    <p class='ocr_par' dir='ltr' id='par_1_9' title="bbox 71 3136 1136 3204">
     <span class='ocr_line' id='line_1_27' title="bbox 71 3136 1136 3204; baseline -0.002 -14"><span class='ocrx_word' id='word_1_175' title='bbox 71 3140 189 3204; x_wconf 67' lang='lat' dir='ltr'>planem]</span> <span class='ocrx_word' id='word_1_176' title='bbox 204 3139 237 3190; x_wconf 75' lang='grc' dir='ltr'>οἱ.</span> <span class='ocrx_word' id='word_1_177' title='bbox 253 3138 304 3189; x_wconf 90' lang='lat' dir='ltr'>Ver</span> <span class='ocrx_word' id='word_1_178' title='bbox 323 3139 375 3188; x_wconf 90' lang='lat' dir='ltr'>.G.</span> <span class='ocrx_word' id='word_1_179' title='bbox 392 3137 494 3201; x_wconf 77' lang='lat'>111361‚</span> <span class='ocrx_word' id='word_1_180' title='bbox 513 3136 559 3203; x_wconf 77' lang='lat'>362</span> <span class='ocrx_word' id='word_1_181' title='bbox 576 3156 623 3187; x_wconf 80' lang='lat' dir='ltr'>rm-</span> <span class='ocrx_word' id='word_1_182' title='bbox 662 3155 695 3188; x_wconf 91' lang='lat' dir='ltr'>on</span> <span class='ocrx_word' id='word_1_183' title='bbox 707 3139 750 3189; x_wconf 85' lang='lat' dir='ltr'>the</span> <span class='ocrx_word' id='word_1_184' title='bbox 761 3138 863 3188; x_wconf 77' lang='lat' dir='ltr'>historic</span> <span class='ocrx_word' id='word_1_185' title='bbox 893 3139 1136 3204; x_wconf 76' lang='lat' dir='ltr'>resentadsequr&#39;lur.</span> 
     </span>
    </p>

    <p class='ocr_par' dir='ltr' id='par_1_10' title="bbox 63 3198 1246 3269">
     <span class='ocr_line' id='line_1_28' title="bbox 63 3198 1246 3269; baseline 0.002 -15"><span class='ocrx_word' id='word_1_186' title='bbox 63 3198 117 3269; x_wconf 52' lang='grc' dir='ltr'>ἣν</span> <span class='ocrx_word' id='word_1_187' title='bbox 138 3205 193 3254; x_wconf 80' lang='lat' dir='ltr'>iam</span> <span class='ocrx_word' id='word_1_188' title='bbox 215 3212 280 3268; x_wconf 78' lang='lat' dir='ltr'>tergo</span> <span class='ocrx_word' id='word_1_189' title='bbox 312 3210 404 3252; x_wconf 79' lang='lat' dir='ltr'>matos</span> <span class='ocrx_word' id='word_1_190' title='bbox 425 3206 529 3253; x_wconf 79' lang='lat' dir='ltr'>sustinet</span> <span class='ocrx_word' id='word_1_191' title='bbox 550 3205 623 3261; x_wconf 82' lang='lat' dir='ltr'>orbes,</span> <span class='ocrx_word' id='word_1_192' title='bbox 694 3202 751 3266; x_wconf 82' lang='lat'><strong>656.</strong></span> <span class='ocrx_word' id='word_1_193' title='bbox 784 3204 840 3267; x_wconf 79' lang='lat' dir='ltr'>capi</span> <span class='ocrx_word' id='word_1_194' title='bbox 870 3203 950 3265; x_wconf 82' lang='lat' dir='ltr'>acilr&#39;s]</span> <span class='ocrx_word' id='word_1_195' title='bbox 978 3203 1034 3254; x_wconf 88' lang='lat' dir='ltr'>The</span> <span class='ocrx_word' id='word_1_196' title='bbox 1054 3204 1181 3269; x_wconf 83' lang='lat' dir='ltr'>supineis</span> <span class='ocrx_word' id='word_1_197' title='bbox 1203 3204 1246 3256; x_wconf 83' lang='lat' dir='ltr'>the</span> 
     </span>
    </p>

    <p class='ocr_par' dir='ltr' id='par_1_11' title="bbox 63 3269 1246 3400">
     <span class='ocr_line' id='line_1_29' title="bbox 63 3269 1243 3387; baseline 0.001 -68"><span class='ocrx_word' id='word_1_198' title='bbox 63 3271 156 3387; x_wconf 60' lang='lat' dir='ltr'><strong><em>m</em></strong></span> <span class='ocrx_word' id='word_1_199' title='bbox 173 3271 220 3319; x_wconf 76' lang='lat' dir='ltr'>illa</span> <span class='ocrx_word' id='word_1_200' title='bbox 235 3270 313 3336; x_wconf 76' lang='lat' dir='ltr'>prius</span> <span class='ocrx_word' id='word_1_201' title='bbox 326 3271 422 3334; x_wconf 59' lang='lat' dir='ltr'>patulas</span> <span class='ocrx_word' id='word_1_202' title='bbox 438 3286 508 3318; x_wconf 83' lang='lat' dir='ltr'>nunc</span> <span class='ocrx_word' id='word_1_203' title='bbox 528 3270 623 3333; x_wconf 76' lang='lat' dir='ltr'>hospita</span> <span class='ocrx_word' id='word_1_204' title='bbox 662 3284 731 3318; x_wconf 87' lang='lat' dir='ltr'>more</span> <span class='ocrx_word' id='word_1_205' title='bbox 750 3284 866 3317; x_wconf 89' lang='lat' dir='ltr'>common</span> <span class='ocrx_word' id='word_1_206' title='bbox 885 3269 1054 3318; x_wconf 86' lang='lat' dir='ltr'>construction</span> <span class='ocrx_word' id='word_1_207' title='bbox 1072 3269 1134 3320; x_wconf 83' lang='lat' dir='ltr'>with</span> <span class='ocrx_word' id='word_1_208' title='bbox 1147 3270 1243 3336; x_wconf 61' lang='lat' dir='ltr'>facilus.</span> 
     </span>
     <span class='ocr_line' id='line_1_30' title="bbox 138 3333 1246 3400; baseline 0.002 -16"><span class='ocrx_word' id='word_1_209' title='bbox 138 3337 144 3346; x_wconf 86' lang='lat'>&#39;</span> <span class='ocrx_word' id='word_1_210' title='bbox 156 3371 163 3384; x_wconf 94' lang='lat'>.</span> <span class='ocrx_word' id='word_1_211' title='bbox 661 3335 706 3384; x_wconf 87' lang='lat' dir='ltr'>but</span> <span class='ocrx_word' id='word_1_212' title='bbox 718 3334 748 3383; x_wconf 87' lang='lat' dir='ltr'>ci.</span> <span class='ocrx_word' id='word_1_213' title='bbox 760 3335 819 3382; x_wconf 87' lang='lat' dir='ltr'>Tac.</span> <span class='ocrx_word' id='word_1_214' title='bbox 835 3333 904 3383; x_wconf 87' lang='lat' dir='ltr'>Hist.</span> <span class='ocrx_word' id='word_1_215' title='bbox 917 3346 947 3382; x_wconf 82' lang='lat' dir='ltr'>lv</span> <span class='ocrx_word' id='word_1_216' title='bbox 960 3349 991 3398; x_wconf 80' lang='lat'>39</span> <span class='ocrx_word' id='word_1_217' title='bbox 1002 3350 1033 3383; x_wconf 82' lang='lat' dir='ltr'>ne</span> <span class='ocrx_word' id='word_1_218' title='bbox 1038 3336 1140 3398; x_wconf 78' lang='lat' dir='ltr'>paratis</span> <span class='ocrx_word' id='word_1_219' title='bbox 1149 3335 1246 3400; x_wconf 77' lang='lat' dir='ltr'>quidem</span> 
     </span>
    </p>

    <p class='ocr_par' dir='ltr' id='par_1_12' title="bbox 75 3398 1128 3466">
     <span class='ocr_line' id='line_1_31' title="bbox 75 3398 1128 3466; baseline -0.004 -14"><span class='ocrx_word' id='word_1_220' title='bbox 75 3398 126 3465; x_wconf 72' lang='lat'>⁶⁴²·</span> <span class='ocrx_word' id='word_1_221' title='bbox 159 3399 205 3451; x_wconf 81' lang='lat' dir='ltr'>sed</span> <span class='ocrx_word' id='word_1_222' title='bbox 217 3400 285 3466; x_wconf 80' lang='lat' dir='ltr'>quid</span> <span class='ocrx_word' id='word_1_223' title='bbox 292 3399 373 3464; x_wconf 76' lang='lat' dir='ltr'>plura</span> <span class='ocrx_word' id='word_1_224' title='bbox 389 3398 503 3461; x_wconf 72' lang='lat' dir='ltr'>morari]</span> <span class='ocrx_word' id='word_1_225' title='bbox 525 3398 627 3448; x_wconf 76' lang='lat' dir='ltr'>hesed</span> <span class='ocrx_word' id='word_1_226' title='bbox 659 3399 788 3463; x_wconf 78' lang='lat' dir='ltr'>corrumpi</span> <span class='ocrx_word' id='word_1_227' title='bbox 789 3399 889 3462; x_wconf 79' lang='lat' dir='ltr'>facilis.</span> <span class='ocrx_word' id='word_1_228' title='bbox 924 3400 971 3448; x_wconf 90' lang='lat' dir='ltr'>See</span> <span class='ocrx_word' id='word_1_229' title='bbox 982 3399 1128 3462; x_wconf 74' lang='lat' dir='ltr'>also15ro.</span> 
     </span>
    </p>

    <p class='ocr_par' dir='ltr' id='par_1_13' title="bbox 63 3463 1249 3530">
     <span class='ocr_line' id='line_1_32' title="bbox 63 3463 1249 3530; baseline 0 -14"><span class='ocrx_word' id='word_1_230' title='bbox 63 3465 102 3515; x_wconf 73' lang='lat' dir='ltr'>u&#39;d</span> <span class='ocrx_word' id='word_1_231' title='bbox 111 3474 230 3516; x_wconf 71' lang='lat' dir='ltr'>umor</span> <span class='ocrx_word' id='word_1_232' title='bbox 238 3466 320 3530; x_wconf 77' lang='lat' dir='ltr'>plura</span> <span class='ocrx_word' id='word_1_233' title='bbox 335 3463 474 3528; x_wconf 76' lang='lat' dir='ltr'>loquendo?</span> <span class='ocrx_word' id='word_1_234' title='bbox 496 3464 528 3514; x_wconf 87' lang='lat' dir='ltr'>cs.</span> <span class='ocrx_word' id='word_1_235' title='bbox 545 3464 621 3529; x_wconf 79' lang='lat' dir='ltr'>Verg.</span> <span class='ocrx_word' id='word_1_236' title='bbox 694 3465 724 3513; x_wconf 83' lang='lat' dir='ltr'>in</span> <span class='ocrx_word' id='word_1_237' title='bbox 740 3464 823 3512; x_wconf 81' lang='lat' dir='ltr'>onmia</span> <span class='ocrx_word' id='word_1_238' title='bbox 834 3464 958 3528; x_wconf 79' lang='lat' dir='ltr'>praeceps]</span> <span class='ocrx_word' id='word_1_239' title='bbox 975 3465 1004 3514; x_wconf 76' lang='lat' dir='ltr'>ci</span> <span class='ocrx_word' id='word_1_240' title='bbox 1019 3464 1061 3514; x_wconf 89' lang='lat' dir='ltr'>the</span> <span class='ocrx_word' id='word_1_241' title='bbox 1076 3465 1249 3517; x_wconf 69' lang='lat' dir='ltr'>characteres</span> 
     </span>
    </p>

    <p class='ocr_par' dir='ltr' id='par_1_14' title="bbox 63 3518 898 3594">
     <span class='ocr_line' id='line_1_33' title="bbox 63 3518 898 3594; baseline -0.007 -12"><span class='ocrx_word' id='word_1_242' title='bbox 63 3518 93 3581; x_wconf 70' lang='lat' dir='ltr'>Pcl</span> <span class='ocrx_word' id='word_1_243' title='bbox 105 3545 124 3581; x_wconf 84' lang='lat' dir='ltr'>v</span> <span class='ocrx_word' id='word_1_244' title='bbox 139 3531 223 3594; x_wconf 70' lang='lat' dir='ltr'>19sai</span> <span class='ocrx_word' id='word_1_245' title='bbox 231 3538 259 3578; x_wconf 86' lang='lat' dir='ltr'>tu</span> <span class='ocrx_word' id='word_1_246' title='bbox 269 3531 443 3594; x_wconf 81' lang='lat' dir='ltr'>desineplura.</span> <span class='ocrx_word' id='word_1_247' title='bbox 661 3529 755 3579; x_wconf 80' lang='lat' dir='ltr'>Caesar</span> <span class='ocrx_word' id='word_1_248' title='bbox 765 3541 775 3578; x_wconf 92' lang='lat'>1</span> <span class='ocrx_word' id='word_1_249' title='bbox 790 3542 834 3589; x_wconf 79' lang='lat'>143</span> <span class='ocrx_word' id='word_1_250' title='bbox 846 3529 898 3578; x_wconf 86' lang='lat' dir='ltr'>soll.</span> 
     </span>
    </p>

    <p class='ocr_par' dir='ltr' id='par_1_15' title="bbox 71 3593 1218 3661">
     <span class='ocr_line' id='line_1_34' title="bbox 71 3593 1218 3661; baseline -0.003 -13"><span class='ocrx_word' id='word_1_251' title='bbox 71 3595 124 3661; x_wconf 87' lang='grc'>644.</span> <span class='ocrx_word' id='word_1_252' title='bbox 160 3594 298 3659; x_wconf 67' lang='lat' dir='ltr'>triumplu]</span> <span class='ocrx_word' id='word_1_253' title='bbox 315 3595 356 3644; x_wconf 87' lang='lat' dir='ltr'>i.e.</span> <span class='ocrx_word' id='word_1_254' title='bbox 366 3595 622 3660; x_wconf 76' lang='lat' dir='ltr'>populitn‘umplrati.</span> <span class='ocrx_word' id='word_1_255' title='bbox 693 3593 751 3655; x_wconf 82' lang='lat'><strong>658.</strong></span> <span class='ocrx_word' id='word_1_256' title='bbox 784 3594 876 3655; x_wconf 80' lang='lat' dir='ltr'>adhuc]</span> <span class='ocrx_word' id='word_1_257' title='bbox 893 3593 1050 3644; x_wconf 81' lang='lat' dir='ltr'>tobetuken</span> <span class='ocrx_word' id='word_1_258' title='bbox 1062 3594 1123 3644; x_wconf 85' lang='lat' dir='ltr'>with</span> <span class='ocrx_word' id='word_1_259' title='bbox 1133 3596 1218 3645; x_wconf 77' lang='lat' dir='ltr'>sedeat.</span> 
     </span>
    </p>

    <p class='ocr_par' dir='ltr' id='par_1_16' title="bbox 63 3653 1245 3744">
     <span class='ocr_line' id='line_1_35' title="bbox 63 3653 1245 3744; baseline 0.003 -37"><span class='ocrx_word' id='word_1_260' title='bbox 63 3653 214 3714; x_wconf 71' lang='lat' dir='ltr'>[claudian.</span> <span class='ocrx_word' id='word_1_261' title='bbox 226 3661 253 3710; x_wconf 87' lang='lat' dir='ltr'>in</span> <span class='ocrx_word' id='word_1_262' title='bbox 267 3660 372 3724; x_wconf 88' lang='lat' dir='ltr'>Eutrop.</span> <span class='ocrx_word' id='word_1_263' title='bbox 385 3672 394 3708; x_wconf 92' lang='lat'>1</span> <span class='ocrx_word' id='word_1_264' title='bbox 408 3674 453 3710; x_wconf 79' lang='lat' dir='ltr'>m</span> <span class='ocrx_word' id='word_1_265' title='bbox 467 3661 622 3725; x_wconf 81' lang='lat' dir='ltr'>Pompeiani·</span> <span class='ocrx_word' id='word_1_266' title='bbox 693 3657 749 3709; x_wconf 90' lang='lat'>660.</span> <span class='ocrx_word' id='word_1_267' title='bbox 785 3659 949 3744; x_wconf 72' lang='lat' dir='ltr'>communem]</span> <span class='ocrx_word' id='word_1_268' title='bbox 967 3660 1075 3724; x_wconf 86' lang='lat' dir='ltr'>‘grieves</span> <span class='ocrx_word' id='word_1_269' title='bbox 1086 3661 1141 3710; x_wconf 80' lang='lat' dir='ltr'>that</span> <span class='ocrx_word' id='word_1_270' title='bbox 1152 3660 1185 3711; x_wconf 76' lang='lat' dir='ltr'>he</span> <span class='ocrx_word' id='word_1_271' title='bbox 1199 3661 1245 3712; x_wconf 78' lang='lat' dir='ltr'>has</span> 
     </span>
    </p>

    <p class='ocr_par' dir='ltr' id='par_1_17' title="bbox 63 3724 956 3792">
     <span class='ocr_line' id='line_1_36' title="bbox 63 3724 956 3792; baseline -0.004 -14"><span class='ocrx_word' id='word_1_272' title='bbox 63 3726 226 3792; x_wconf 74' lang='lat' dir='ltr'>utriumphr&#39;.</span> <span class='ocrx_word' id='word_1_273' title='bbox 661 3731 687 3775; x_wconf 88' lang='lat' dir='ltr'>to</span> <span class='ocrx_word' id='word_1_274' title='bbox 698 3725 770 3774; x_wconf 85' lang='lat' dir='ltr'>share</span> <span class='ocrx_word' id='word_1_275' title='bbox 781 3725 800 3773; x_wconf 89' lang='lat' dir='ltr'>it</span> <span class='ocrx_word' id='word_1_276' title='bbox 812 3724 872 3774; x_wconf 85' lang='lat' dir='ltr'>with</span> <span class='ocrx_word' id='word_1_277' title='bbox 884 3725 936 3774; x_wconf 90' lang='lat' dir='ltr'>him</span> <span class='ocrx_word' id='word_1_278' title='bbox 949 3760 956 3774; x_wconf 89' lang='lat'><strong>.</strong></span> 
     </span>
    </p>

    <p class='ocr_par' dir='ltr' id='par_1_18' title="bbox 65 3788 1244 3858">
     <span class='ocr_line' id='line_1_37' title="bbox 65 3788 1244 3858; baseline 0 -17"><span class='ocrx_word' id='word_1_279' title='bbox 65 3791 124 3857; x_wconf 74' lang='lat'><strong>⁶⁴⁵·</strong></span> <span class='ocrx_word' id='word_1_280' title='bbox 157 3792 208 3858; x_wconf 77' lang='lat' dir='ltr'>qui</span> <span class='ocrx_word' id='word_1_281' title='bbox 217 3789 303 3841; x_wconf 72' lang='lat' dir='ltr'>Lutr‘os</span> <span class='ocrx_word' id='word_1_282' title='bbox 330 3789 547 3839; x_wconf 78' lang='lat' dir='ltr'>sorrosconrulcs.</span> <span class='ocrx_word' id='word_1_283' title='bbox 694 3789 794 3850; x_wconf 81' lang='lat' dir='ltr'>rursus]</span> <span class='ocrx_word' id='word_1_284' title='bbox 820 3795 867 3838; x_wconf 88' lang='lat' dir='ltr'>‘on</span> <span class='ocrx_word' id='word_1_285' title='bbox 890 3789 932 3838; x_wconf 90' lang='lat' dir='ltr'>the</span> <span class='ocrx_word' id='word_1_286' title='bbox 955 3788 1092 3854; x_wconf 82' lang='lat' dir='ltr'>contmry‘.</span> <span class='ocrx_word' id='word_1_287' title='bbox 1125 3789 1157 3840; x_wconf 86' lang='lat' dir='ltr'>ci.</span> <span class='ocrx_word' id='word_1_288' title='bbox 1183 3789 1244 3841; x_wconf 87' lang='lat' dir='ltr'>Tac.</span> 
     </span>
    </p>

    <p class='ocr_par' dir='ltr' id='par_1_19' title="bbox 63 3855 1246 3924">
     <span class='ocr_line' id='line_1_38' title="bbox 63 3855 1246 3924; baseline -0.001 -18"><span class='ocrx_word' id='word_1_289' title='bbox 63 3857 123 3924; x_wconf 81' lang='grc'>648.</span> <span class='ocrx_word' id='word_1_290' title='bbox 154 3867 216 3924; x_wconf 73' lang='lat' dir='ltr'>pan</span> <span class='ocrx_word' id='word_1_291' title='bbox 247 3856 290 3906; x_wconf 75' lang='lat' dir='ltr'>ie.</span> <span class='ocrx_word' id='word_1_292' title='bbox 314 3871 342 3904; x_wconf 90' lang='lat' dir='ltr'>or</span> <span class='ocrx_word' id='word_1_293' title='bbox 358 3855 521 3905; x_wconf 83' lang='lat' dir='ltr'>undisturbed</span> <span class='ocrx_word' id='word_1_294' title='bbox 536 3871 622 3920; x_wconf 88' lang='lat' dir='ltr'>opera·</span> <span class='ocrx_word' id='word_1_295' title='bbox 661 3855 748 3918; x_wconf 82' lang='lat' dir='ltr'>Agric.</span> <span class='ocrx_word' id='word_1_296' title='bbox 761 3870 791 3918; x_wconf 77' lang='lat' dir='ltr'>n)</span> <span class='ocrx_word' id='word_1_297' title='bbox 807 3871 879 3917; x_wconf 83' lang='lat' dir='ltr'>qucm</span> <span class='ocrx_word' id='word_1_298' title='bbox 896 3870 980 3902; x_wconf 86' lang='lat' dir='ltr'>casum</span> <span class='ocrx_word' id='word_1_299' title='bbox 998 3871 1074 3918; x_wconf 79' lang='lat' dir='ltr'>neque</span> <span class='ocrx_word' id='word_1_300' title='bbox 1090 3861 1120 3904; x_wconf 80' lang='lat' dir='ltr'>ut</span> <span class='ocrx_word' id='word_1_301' title='bbox 1130 3856 1246 3921; x_wconf 75' lang='lat' dir='ltr'>plerique</span> 
     </span>
    </p>

    <p class='ocr_par' dir='ltr' id='par_1_20' title="bbox 63 3919 1244 3984">
     <span class='ocr_line' id='line_1_39' title="bbox 63 3919 1244 3984; baseline 0.003 -17"><span class='ocrx_word' id='word_1_302' title='bbox 63 3940 105 3977; x_wconf 70' lang='grc' dir='ltr'>ης.</span> <span class='ocrx_word' id='word_1_303' title='bbox 154 3963 163 3983; x_wconf 60' lang='lat'>‚</span> <span class='ocrx_word' id='word_1_304' title='bbox 652 3920 764 3984; x_wconf 79' lang='lat' dir='ltr'>sortium</span> <span class='ocrx_word' id='word_1_305' title='bbox 782 3921 897 3968; x_wconf 70' lang='lat' dir='ltr'>uirorum</span> <span class='ocrx_word' id='word_1_306' title='bbox 915 3919 1041 3969; x_wconf 80' lang='lat' dir='ltr'>ambitiose</span> <span class='ocrx_word' id='word_1_307' title='bbox 1056 3935 1132 3984; x_wconf 75' lang='lat' dir='ltr'>neque</span> <span class='ocrx_word' id='word_1_308' title='bbox 1143 3929 1193 3984; x_wconf 84' lang='lat' dir='ltr'>per</span> <span class='ocrx_word' id='word_1_309' title='bbox 1207 3923 1244 3970; x_wconf 88' lang='lat' dir='ltr'>la-</span> 
     </span>
    </p>

    <p class='ocr_par' dir='ltr' id='par_1_21' title="bbox 63 3985 1247 4062">
     <span class='ocr_line' id='line_1_40' title="bbox 63 3985 1247 4062; baseline -0.001 -25"><span class='ocrx_word' id='word_1_310' title='bbox 63 3991 129 4041; x_wconf 70' lang='lat' dir='ltr'>hienr</span> <span class='ocrx_word' id='word_1_311' title='bbox 146 3986 171 4049; x_wconf 87' lang='lat' dir='ltr'>s]</span> <span class='ocrx_word' id='word_1_312' title='bbox 204 3986 283 4036; x_wconf 90' lang='lat' dir='ltr'>From</span> <span class='ocrx_word' id='word_1_313' title='bbox 303 3985 354 4062; x_wconf 77' lang='lat' dir='ltr'>this</span> <span class='ocrx_word' id='word_1_314' title='bbox 375 4001 480 4050; x_wconf 83' lang='lat' dir='ltr'>passage</span> <span class='ocrx_word' id='word_1_315' title='bbox 499 3985 549 4061; x_wconf 83' lang='lat' dir='ltr'>and</span> <span class='ocrx_word' id='word_1_316' title='bbox 568 3985 622 4035; x_wconf 84' lang='lat' dir='ltr'>also</span> <span class='ocrx_word' id='word_1_317' title='bbox 661 3993 745 4060; x_wconf 75' lang='lat' dir='ltr'>menta</span> <span class='ocrx_word' id='word_1_318' title='bbox 767 4001 857 4033; x_wconf 83' lang='lat' dir='ltr'>rursus</span> <span class='ocrx_word' id='word_1_319' title='bbox 878 4000 907 4033; x_wconf 84' lang='lat' dir='ltr'>ac</span> <span class='ocrx_word' id='word_1_320' title='bbox 933 4000 1066 4034; x_wconf 82' lang='lat' dir='ltr'>maerorem</span> <span class='ocrx_word' id='word_1_321' title='bbox 1094 3986 1247 4036; x_wconf 70' lang='lat' dir='ltr'>mrclr&#39;ebrr&#39;ter</span> 
     </span>
    </p>

    <p class='ocr_par' dir='ltr' id='par_1_22' title="bbox 63 4050 1245 4188">
     <span class='ocr_line' id='line_1_41' title="bbox 63 4050 1245 4188; baseline -0.002 -20"><span class='ocrx_word' id='word_1_322' title='bbox 63 4073 101 4174; x_wconf 53' lang='lat' dir='ltr'>M!</span> <span class='ocrx_word' id='word_1_323' title='bbox 120 4070 179 4169; x_wconf 69' lang='lat' dir='ltr'>thhl</span> <span class='ocrx_word' id='word_1_324' title='bbox 186 4050 290 4168; x_wconf 48' lang='lat' dir='ltr'>61⁹:OE</span> <span class='ocrx_word' id='word_1_325' title='bbox 299 4052 388 4166; x_wconf 55' lang='lat' dir='ltr'>Malllicel</span> <span class='ocrx_word' id='word_1_326' title='bbox 403 4059 622 4180; x_wconf 51' lang='lat' dir='ltr'>l&#39;edmlhhlh&#39;slledlle</span> <span class='ocrx_word' id='word_1_327' title='bbox 658 4051 750 4177; x_wconf 58' lang='lat' dir='ltr'>tuldtdg.</span> <span class='ocrx_word' id='word_1_328' title='bbox 783 4114 845 4162; x_wconf 82' lang='lat' dir='ltr'>cedit</span> <span class='ocrx_word' id='word_1_329' title='bbox 861 4114 889 4162; x_wconf 77' lang='lat' dir='ltr'>in</span> <span class='ocrx_word' id='word_1_330' title='bbox 904 4112 1072 4188; x_wconf 61' lang='lat' dir='ltr'>immensum]</span> <span class='ocrx_word' id='word_1_331' title='bbox 1095 4117 1127 4165; x_wconf 71' lang='grc' dir='ltr'>εἰς</span> <span class='ocrx_word' id='word_1_332' title='bbox 1146 4112 1245 4180; x_wconf 76' lang='grc' dir='ltr'><strong><em>ἄπειρον</em></strong></span> 
     </span>
    </p>

    <p class='ocr_par' dir='ltr' id='par_1_23' title="bbox 63 4179 1242 4253">
     <span class='ocr_line' id='line_1_42' title="bbox 63 4179 1242 4253; baseline -0.002 -18"><span class='ocrx_word' id='word_1_333' title='bbox 63 4186 130 4253; x_wconf 79' lang='lat' dir='ltr'>lyin</span> <span class='ocrx_word' id='word_1_334' title='bbox 141 4184 308 4238; x_wconf 83' lang='lat' dir='ltr'>theautumn,</span> <span class='ocrx_word' id='word_1_335' title='bbox 318 4182 427 4231; x_wconf 77' lang='lat' dir='ltr'>whereas</span> <span class='ocrx_word' id='word_1_336' title='bbox 436 4181 498 4230; x_wconf 84' lang='lat' dir='ltr'>from</span> <span class='ocrx_word' id='word_1_337' title='bbox 509 4181 621 4230; x_wconf 86' lang='lat' dir='ltr'>Cicero&#39;s</span> <span class='ocrx_word' id='word_1_338' title='bbox 660 4181 793 4239; x_wconf 70' lang='grc' dir='ltr'>προβαίνει.</span> <span class='ocrx_word' id='word_1_339' title='bbox 828 4179 1076 4244; x_wconf 81' lang='lat' dir='ltr'>ceditrsequivalent</span> <span class='ocrx_word' id='word_1_340' title='bbox 1088 4189 1115 4231; x_wconf 90' lang='lat' dir='ltr'>to</span> <span class='ocrx_word' id='word_1_341' title='bbox 1124 4183 1242 4246; x_wconf 71' lang='lat' dir='ltr'>protulit.</span> 
     </span>
    </p>

    <p class='ocr_par' dir='ltr' id='par_1_24' title="bbox 64 4245 754 4310">
     <span class='ocr_line' id='line_1_43' title="bbox 64 4245 754 4310; baseline -0.01 -10"><span class='ocrx_word' id='word_1_342' title='bbox 64 4269 112 4304; x_wconf 83' lang='lat' dir='ltr'>ers</span> <span class='ocrx_word' id='word_1_343' title='bbox 126 4252 147 4300; x_wconf 88' lang='lat' dir='ltr'>it</span> <span class='ocrx_word' id='word_1_344' title='bbox 160 4248 262 4298; x_wconf 64' lang='lat' dir='ltr'>iscloer</span> <span class='ocrx_word' id='word_1_345' title='bbox 274 4247 328 4297; x_wconf 81' lang='lat' dir='ltr'>that</span> <span class='ocrx_word' id='word_1_346' title='bbox 339 4246 371 4296; x_wconf 92' lang='lat' dir='ltr'>he</span> <span class='ocrx_word' id='word_1_347' title='bbox 382 4246 459 4310; x_wconf 84' lang='lat' dir='ltr'>really</span> <span class='ocrx_word' id='word_1_348' title='bbox 467 4246 566 4295; x_wconf 88' lang='lat' dir='ltr'>crossed</span> <span class='ocrx_word' id='word_1_349' title='bbox 579 4247 622 4295; x_wconf 88' lang='lat' dir='ltr'>the</span> <span class='ocrx_word' id='word_1_350' title='bbox 660 4245 754 4294; x_wconf 89' lang='lat' dir='ltr'>Weise.</span> 
     </span>
    </p>

    <p class='ocr_par' dir='ltr' id='par_1_25' title="bbox 63 4308 977 4371">
     <span class='ocr_line' id='line_1_44' title="bbox 63 4308 977 4371; baseline -0.005 -7"><span class='ocrx_word' id='word_1_351' title='bbox 63 4317 147 4370; x_wconf 63' lang='lat' dir='ltr'>[intio</span> <span class='ocrx_word' id='word_1_352' title='bbox 167 4313 196 4362; x_wconf 90' lang='lat' dir='ltr'>in</span> <span class='ocrx_word' id='word_1_353' title='bbox 215 4312 313 4363; x_wconf 81' lang='lat' dir='ltr'>March.</span> <span class='ocrx_word' id='word_1_354' title='bbox 347 4311 378 4362; x_wconf 83' lang='lat' dir='ltr'>ci.</span> <span class='ocrx_word' id='word_1_355' title='bbox 397 4311 451 4361; x_wconf 89' lang='lat' dir='ltr'>Cic.</span> <span class='ocrx_word' id='word_1_356' title='bbox 470 4311 503 4361; x_wconf 87' lang='lat' dir='ltr'>ad</span> <span class='ocrx_word' id='word_1_357' title='bbox 519 4311 574 4361; x_wconf 81' lang='lat' dir='ltr'>nu.</span> <span class='ocrx_word' id='word_1_358' title='bbox 591 4323 620 4359; x_wconf 87' lang='lat' dir='ltr'>1x</span> <span class='ocrx_word' id='word_1_359' title='bbox 692 4310 784 4371; x_wconf 85' lang='lat' dir='ltr'>cassus]</span> <span class='ocrx_word' id='word_1_360' title='bbox 804 4309 850 4358; x_wconf 85' lang='lat' dir='ltr'>‘all</span> <span class='ocrx_word' id='word_1_361' title='bbox 863 4308 888 4358; x_wconf 89' lang='lat' dir='ltr'>in</span> <span class='ocrx_word' id='word_1_362' title='bbox 900 4308 977 4359; x_wconf 84' lang='lat' dir='ltr'>vain‘.</span> 
     </span>
    </p>
   </div>
   <div class='ocr_carea' id='block_1_5' title="bbox 78 4381 216 4444">
    <p class='ocr_par' dir='ltr' id='par_1_26' title="bbox 78 4381 216 4444">
     <span class='ocr_line' id='line_1_45' title="bbox 78 4381 216 4444; baseline -0.051 -10"><span class='ocrx_word' id='word_1_363' title='bbox 78 4400 104 4444; x_wconf 87' lang='lat' dir='ltr'>r,</span> <span class='ocrx_word' id='word_1_364' title='bbox 121 4381 216 4439; x_wconf 63' lang='lat' dir='ltr'>iiigr.</span> 
     </span>
    </p>
   </div>
   <div class='ocr_carea' id='block_1_6' title="bbox 0 0 1385 4884">
    <p class='ocr_par' dir='ltr' id='par_1_27' title="bbox 0 0 1385 4884">
     <span class='ocr_line' id='line_1_46' title="bbox 0 0 1385 4884; baseline 0 0"><span class='ocrx_word' id='word_1_365' title='bbox 0 0 1385 4884; x_wconf 95' lang='lat' dir='ltr'> </span> 
     </span>
    </p>
   </div>
  </div>
 </body>
</html>
