2746 4884
83 328 113 388 xl

521 329 764 388 RELATJON
789 329 846 388 TO

133 497 151 534 v
164 483 260 550 385—6

278 583 386 633 namque
403 582 489 616 omnes
506 582 580 616 voces
596 581 640 630 per
657 581 719 631 quas
736 564 786 614 iam
802 573 916 630 tempore
933 573 1003 614 tanto

279 650 413 698 mentimur
429 648 539 698 dominis
555 648 618 697 haec
634 649 743 713 primum
760 648 870 712 repperit
887 655 963 697 aetas.

407 731 468 792 [and
480 730 523 780 the
535 730 664 795 following
675 731 739 780 lines
750 730 826 779 down
837 737 865 779 to
877 729 937 791 402]

133 878 162 915 vi
175 868 224 931 809
276 874 300 916 et
319 866 492 916 Romanorum
509 865 591 915 manis
608 866 704 916 calcate
720 867 832 916 deorum.

133 994 174 1031 v11
187 999 283 1048 432—3,

279 1066 347 1137 quod
366 1064 462 1130 fugiens
479 1065 553 1116 civile
569 1065 639 1116 nefas
656 1066 814 1131 redituraque
830 1082 965 1131 numquam

279 1147 381 1198 libertas
398 1148 463 1198 ultra
480 1149 577 1214 Tigrim
597 1149 763 1213 Rhenumque
779 1149 887 1199 recessit.

458 1230 520 1292 [and
531 1247 559 1280 so
571 1246 604 1279 on
616 1238 642 1280 to
656 1231 699 1280 the
711 1239 770 1280 next
782 1230 900 1295 passage]

135 1338 176 1375 Vll
188 1343 284 1390 442—5

281 1408 364 1458 felices
382 1409 479 1459 Arabes
496 1410 615 1475 Medique
633 1411 736 1475 anque
753 1410 827 1461 tellus

280 1507 356 1556 quam
373 1493 419 1542 sub
437 1493 563 1558 perpetuis
580 1501 711 1543 tenuerunt
730 1493 780 1542 iata
797 1493 926 1556 tyrannis:

281 1589 310 1622 ex
328 1573 428 1638 populis
444 1574 487 1639 qui
505 1591 581 1638 regna
599 1574 679 1624 ferunt
695 1591 749 1624 sors
766 1574 854 1623 ultima
871 1584 956 1624 nostra
972 1581 1010 1623 est

280 1672 343 1721 quos
360 1657 451 1707 servire
467 1658 553 1722 pudet.

135 1800 286 1857 V11455-9
482 1789 560 1840 cladis
576 1798 660 1840 tamen
677 1790 749 1839 huius
765 1789 886 1840 habemus

281 1871 425 1931 vindictam,
445 1880 563 1937 quantam
580 1872 652 1922 terris
668 1873 729 1921 dare
745 1871 847 1920 numina
864 1872 901 1920 fas
917 1879 963 1921 est.

281 1955 348 2005 bella
364 1971 437 2020 pares
453 1957 548 2021 superis
565 1956 656 2006 facient
673 1954 756 2004 civilia
772 1956 858 2004 divos:

282 2037 426 2087 fulminibus
443 2038 523 2086 manis
540 2038 664 2103 radiisque
680 2037 778 2087 ornabit
796 2043 820 2086 et
837 2037 918 2096 astris,

281 2118 356 2182 inque
373 2118 448 2167 deum
465 2118 565 2183 templis
582 2119 674 2167 iurabit
693 2119 775 2167 Roma
792 2133 836 2182 per
853 2118 964 2167 umbras.

136 2233 205 2284 v116
239 2261 271 2270 —
288 2233 304 2283 6

207 2238 238 2298 ³8
272 2256 361 2366 ⁴maius
376 2317 410 2367 ab
426 2317 474 2367 hac
490 2317 544 2367 acie
560 2333 635 2382 quam
653 2317 720 2382 quod
738 2331 783 2364 sua
799 2316 899 2366 saecula
915 2314 1007 2366 ferrent

281 2400 370 2448 volnus
387 2400 480 2449 habent
497 2400 603 2465 populi;
625 2400 682 2464 plus
698 2408 734 2449 est
752 2414 827 2463 quam
844 2399 896 2447 vita
912 2398 1030 2465 salusque

279 2481 347 2545 quod
364 2481 443 2545 perit;
467 2482 493 2530 in
510 2490 590 2530 totum
608 2482 695 2531 mundi
712 2481 892 2546 prosternimur
908 2497 1013 2531 aevom:

281 2564 388 2612 vincitur
404 2563 443 2612 his
458 2563 549 2628 gladiis
566 2564 648 2614 omnis
665 2579 729 2629 quae
746 2566 835 2614 serviet
853 2573 932 2614 aetas.

280 2645 394 2710 proxima
410 2645 471 2710 quid
488 2647 588 2696 suboles
604 2656 646 2696 aut
663 2647 724 2712 quid
742 2663 852 2697 meruere
869 2656 973 2712 nepotes

281 2729 307 2779 in
324 2745 428 2793 regnum
444 2729 532 2778 nasci?
564 2729 648 2794 pavidi
666 2745 726 2778 uum
742 2730 863 2794 gessimus
880 2745 957 2790 arma,

281 2811 387 2860 teximus
403 2820 446 2860 aut
462 2810 579 2876 iugulos?
611 2811 687 2860 alieni
703 2826 786 2875 poena
802 2811 897 2860 timoris

281 2893 307 2942 in
323 2902 409 2943 nostra
425 2894 522 2944 cervice
538 2894 623 2943 sedet:
646 2902 703 2959 post
720 2895 815 2959 proelia
831 2895 897 2945 natis

281 2974 302 3024 si
318 2975 456 3036 dominum,
478 2976 596 3036 Fortuna,
616 2977 702 3033 dabas,
721 2985 745 3027 et
763 2977 829 3026 bella
845 2977 965 3027 dedisses.

135 3105 175 3142 vri
188 3090 286 3158 694-t3

280 3191 331 3225 non
347 3175 398 3225 iam
417 3175 531 3240 Pompeii
549 3191 642 3226 nomen
659 3175 781 3241 populare
797 3192 841 3241 per
857 3176 943 3226 orbem

280 3273 327 3308 nec
344 3259 453 3308 studium
471 3258 539 3319 belli,
565 3260 610 3308 sed
626 3274 671 3323 par
688 3260 756 3324 quod
773 3275 871 3324 semper
888 3259 1009 3309 habemus

282 3339 384 3390 libertas
400 3347 425 3389 et
443 3339 538 3390 Caesar
554 3349 634 3390 erunt.

134 3469 187 3508 V¹¹¹
201 3459 307 3588 835-t9u
324 3553 434 3604 quoque,
452 3553 508 3587 cum
526 3554 600 3588 saevo
617 3538 716 3588 dederis
732 3538 781 3586 iarn
799 3540 894 3603 templa
911 3546 1025 3603 tyranno,

280 3621 391 3669 nondum
410 3619 522 3684 Pompeii
539 3618 641 3679 cineres,
660 3635 676 3667 o
695 3619 784 3678 Roma,
804 3619 902 3684 petisti:

281 3702 350 3751 exsul
368 3700 450 3750 adhuc
467 3700 531 3749 iacet
548 3700 637 3749 umbra
654 3700 732 3749 ducis.
768 3699 790 3748 si
807 3700 906 3750 saecula
922 3701 1003 3765 prima

281 3782 381 3833 victoris
398 3782 502 3832 timuere
519 3781 607 3842 minas,
628 3796 694 3830 nunc
711 3781 797 3846 excipe
813 3782 901 3832 saltem

280 3881 337 3914 ossa
354 3864 390 3914 tui
407 3864 503 3928 Magni.

492 3946 552 4008 [and
563 3961 592 3996 so
603 3961 637 3995 on
648 3953 675 3995 to
686 3946 736 3995 end
746 3945 775 3995 oi
788 3945 867 4009 book]

137 4071 167 4110 lx
179 4057 276 4120 ὕοι-4

279 4155 337 4190 eoce
353 4153 443 4205 parens
459 4153 531 4188 verus
546 4137 650 4204 patriae,
668 4137 828 4202 dignissimus
843 4137 901 4199 aris,

282 4224 371 4280 Roma,
389 4222 453 4279 tuis;
476 4237 610 4287 perquem
627 4236 762 4286 numquam
779 4220 860 4271 iurare
877 4222 989 4286 pudebit,

280 4313 305 4355 et
322 4319 405 4369 quem,
424 4303 446 4352 si
462 4303 559 4353 steteris
574 4319 694 4369 umquam
711 4303 808 4353 cervice
825 4306 914 4363 soluta,

280 4402 347 4441 nunc
363 4385 424 4440 olim
441 4385 536 4441 factura
552 4385 634 4439 deum.
