2746 4884
370 338 518 404 LIBER
548 339 608 404 IX.
643 341 864 424 1016-1067.
1151 355 1214 425 359

94 525 161 568 non
184 503 281 569 aliter
303 504 480 569 manifesta
502 513 625 589 putans
646 506 853 571 abscondere
876 509 997 571 mentis
1045 524 1127 586 1040

93 610 218 690 gaudia
240 629 342 693 quam
365 608 527 675 lacrimis:
557 612 781 695 meritumque
804 612 950 676 immane
972 612 1106 695 tyranni

93 712 245 791 destruit,
267 722 301 778 et
323 714 436 797 generi
460 714 590 779 mauolt
612 714 727 799 lugere
749 715 917 779 reuolsum

93 834 196 898 quarn
220 817 343 882 debere
365 828 476 902 caput.
520 820 578 904 qui
601 821 687 884 duro
708 820 859 884 membra
881 828 1019 883 senatus

93 917 239 984 calcarat
262 921 365 998 uoltu,
389 924 446 1004 qui
469 922 559 988 sicco
581 922 707 987 lumine
729 944 868 1007 campos

93 1023 225 1087 uiderat
244 1023 429 1102 Emathios,
454 1027 510 1089 uni
533 1027 605 1103 tibi,
628 1028 763 1110 Magne,
787 1049 910 1111 negare
1044 1041 1123 1109 1045

95 1147 161 1190 non
185 1128 287 1193 audet
309 1131 464 1212 gemitus,
509 1153 530 1195 o
553 1152 624 1197 sors
647 1134 826 1197 durissima
848 1132 930 1197 lati:

92 1231 256 1295 hunccine
277 1240 324 1310 tu
347 1232 480 1313 Caesar,
504 1236 667 1300 scelerato
691 1237 802 1301 Marte
825 1236 940 1320 petisti

92 1337 151 1419 qui
175 1336 237 1401 tibi
260 1335 391 1402 flendus
415 1348 486 1404 erat
499 1320 546 1404 is
555 1361 622 1404 non
646 1342 747 1405 mixti
770 1342 907 1406 foedera
930 1340 1084 1424 tangunt

93 1448 128 1504 te
150 1442 282 1524 generis
305 1463 366 1506 nec
390 1454 471 1508 nata
494 1445 586 1509 iubet
609 1467 757 1510 maerere
780 1447 976 1530 neposque?

93 1545 200 1609 credis
223 1547 314 1627 apud
338 1548 483 1630 populos
507 1548 658 1632 Pompeii
682 1570 805 1613 nornen
829 1549 975 1613 amantis
1043 1562 1126 1629 1050

93 1649 159 1714 hoc
181 1652 300 1714 castris
323 1652 485 1734 prodesse
507 1653 598 1716 tuis?
642 1654 785 1718 sortasse
806 1654 941 1736 tyranni

92 1757 243 1838 tangeris
266 1756 403 1835 inuidia,
420 1757 579 1839 captique
601 1758 634 1820 in
658 1759 786 1822 uiscera
810 1758 927 1840 Magni

91 1858 158 1923 hoc
180 1859 254 1923 aliis
278 1860 411 1924 licuisse
433 1859 537 1935 doles,
562 1863 777 1945 quererisque
799 1862 924 1944 perisse

92 1964 277 2028 uindictam
300 1964 389 2040 belli,
412 1974 614 2048 raptumque
637 1987 656 2030 e
678 1967 748 2029 iure
771 1966 904 2048 superbi

93 2068 229 2131 uictoris
251 2088 420 2151 generum.
466 2070 618 2153 quisquis
641 2079 676 2134 te
698 2069 776 2132 flere
799 2069 909 2152 coegit
1045 2082 1123 2150 1055

93 2171 240 2254 impetus
263 2192 283 2235 a
305 2192 385 2236 uera
408 2172 509 2255 longe
531 2172 658 2255 pietate
681 2174 826 2237 recessit.

93 2274 221 2339 scilicet
243 2276 308 2339 hoc
331 2277 445 2339 animo
468 2283 574 2339 terras
597 2285 699 2358 atque
722 2297 867 2359 aequora
890 2276 1010 2340 lustras

94 2379 212 2443 necubi
235 2399 433 2462 suppressus
456 2387 571 2461 pereat
592 2399 703 2462 gener.
749 2400 770 2442 o
793 2378 877 2442 bene
900 2386 996 2461 rapta

92 2485 230 2548 arbitrio
253 2505 342 2547 mors
365 2486 430 2547 ista
453 2494 520 2548 tuo.
565 2505 669 2567 quam
694 2503 818 2566 magna
841 2484 968 2547 remisit

93 2589 231 2653 crimina
255 2589 411 2653 Romano
433 2589 538 2652 tristis
563 2588 713 2652 Fortuna
735 2588 864 2671 pudori,
1043 2587 1126 2652 1060

93 2693 184 2774 quod
208 2701 242 2755 te
265 2712 332 2755 non
356 2712 456 2774 passa
480 2701 531 2754 est
555 2691 713 2770 misereri,
737 2689 874 2773 perfide,
897 2689 1014 2772 Magni

92 2799 246 2861 uiuentis.
291 2818 353 2862 nec
377 2817 443 2860 non
467 2797 519 2860 his
544 2796 659 2860 fallere
682 2796 820 2859 uocibus
843 2794 952 2870 audet,

92 2901 307 2984 adquiritque
331 2899 432 2963 fidem
455 2899 604 2963 simulati
629 2899 739 2962 fronte
762 2897 906 2961 doloris:

137 3002 231 3067 auser
252 3002 296 3067 ab
319 3003 482 3086 adspectu
505 3012 621 3066 nostro
644 3001 786 3076 funesta,
809 3000 952 3075 satelles,

93 3108 180 3189 regis
203 3106 292 3170 dona
315 3107 381 3170 tui:
412 3106 507 3189 peius
530 3106 572 3170 de
597 3104 739 3170 Caesare
763 3112 910 3167 uestrum
1044 3103 1122 3183 1065

93 3231 195 3293 quam
219 3212 262 3274 de
286 3212 449 3293 Pompeio
474 3209 594 3274 meruit
618 3208 743 3273 scelus:
774 3209 873 3271 unica
895 3205 975 3270 belli

93 3317 242 3399 praemia
265 3316 373 3379 ciuilis
396 3314 493 3380 uictis
515 3317 642 3379 donare
665 3313 807 3377 salutem

47 3466 113 3514 1042.
146 3450 259 3512 destruit]
286 3450 369 3500 'seeks
391 3457 418 3499 to
439 3448 592 3514 disparage'.
666 3451 736 3512 1058.
770 3446 857 3495 nembi
873 3452 1016 3510 suppressus
1030 3445 1126 3509 pereat]
1146 3445 1212 3495 ‘that

49 3518 110 3566 Tac.
124 3513 351 3564 HistttiGalbam
360 3515 504 3564 inualidum
515 3531 593 3563 senem
630 3513 675 3577 thy
696 3512 841 3562 son-in-law
863 3526 921 3574 may
943 3519 988 3560 not
1009 3511 1041 3559 be
1063 3511 1157 3560 wasted
1179 3511 1213 3575 by

47 3581 105 3631 nius
116 3587 139 3630 et
148 3581 213 3630 Laco
224 3588 360 3644 contemptu
372 3581 479 3629 inertiae
488 3580 592 3630 11111111-
629 3578 707 3643 dying
717 3578 812 3626 bidden
825 3577 889 3625 from
905 3577 962 3625 thee
976 3576 1001 3624 in
1017 3591 1087 3625 some
1102 3575 1209 3637 comer’,

47 3655 78 3697 rt.
114 3647 171 3695 The
197 3647 329 3712 metaphor
351 3647 371 3695 is
394 3646 470 3696 taken
493 3644 557 3695 from
579 3661 595 3694 a
630 3645 674 3693 i.e.
688 3644 733 3693 but
749 3644 804 3692 that
822 3644 914 3691 Caesar
930 3657 987 3706 may
1002 3641 1065 3690 have
1083 3641 1125 3689 the
1141 3642 1212 3690 satis·

47 3729 73 3762 er
85 3712 261 3776 undermining
272 3713 304 3761 its
316 3711 405 3760 banks.
630 3709 721 3758 laction
733 3708 762 3756 ol
771 3707 860 3771 killing
871 3707 922 3755 him
935 3706 1041 3755 himself.
1072 3714 1213 3770 suppressor

47 3791 114 3841 1043.
148 3777 239 3838 debere]
252 3781 292 3826 ‘to
303 3785 379 3826 count
391 3777 409 3826 it
421 3792 449 3825 as
460 3793 475 3824 a
487 3776 568 3825 debt’.
630 3790 680 3823 was
694 3773 737 3824 the
753 3773 876 3823 technical
891 3779 953 3821 term
969 3772 995 3820 in
1010 3771 1058 3819 law
1070 3770 1108 3819 lor
1122 3786 1137 3819 a
1152 3787 1211 3821 man

47 3846 113 3904 1048.
150 3844 197 3907 qui
205 3843 252 3891 tibi
256 3842 357 3907 flmdm
367 3842 430 3904 nat]
445 3842 494 3890 ‘lor
509 3842 592 3890 whom
629 3841 687 3889 who
704 3839 838 3889 concealed
857 3836 983 3886 another's
1002 3852 1118 3900 runaway
1135 3836 1210 3885 slave.

47 3925 70 3959 ›u
83 3909 156 3957 hadst
168 3917 194 3957 to
205 3907 295 3973 weep'.
630 3906 680 3955 For
688 3907 770 3969 perire
780 3905 811 3954 cl.
826 3910 896 3952 notes
909 3914 937 3951 1v
951 3916 1005 3965 151,
1020 3913 1062 3950 vu
1075 3902 1132 3964 558,
1143 3917 1210 3967 supr.

47 3987 114 4035 1051.
147 3974 233 4022 castris
260 3972 321 4034 tuis]
352 3973 409 4036 ‘thy
434 3971 510 4032 side',
536 3971 593 4035 ‘thy
630 3970 685 4032 561.

47 4038 98 4104 ry’.
133 4038 163 4088 cf.
179 4050 233 4087 1111
247 4054 293 4102 532
305 4038 418 4102 Pompeii
428 4054 497 4086 nunc
511 4044 593 4085 castra
665 4049 733 4102 1059.
767 4050 842 4099 quam
871 4032 973 4096 magna]
1004 4030 1079 4079 ‘from
1103 4031 1169 4080 what
1196 4048 1212 4081 a

47 4112 102 4155 cent
112 4120 177 4169 quae
186 4104 275 4153 deserit
284 4105 356 4152 orbis.
628 4101 705 4150 crime
716 4101 760 4149 did
772 4099 837 4149 cruel
851 4099 961 4146 Fortune
972 4112 1030 4146 save
1042 4096 1084 4146 the
1093 4097 1178 4147 shame
1186 4097 1215 4146 ο1

47 4187 112 4235 1054.
145 4170 240 4232 eiure]
256 4170 336 4219 ‘from
359 4169 403 4218 the
419 4167 525 4233 power'.
559 4167 591 4216 cl.
630 4168 719 4222 Rome.
731 4166 757 4214 in
768 4164 831 4219 that,
844 4161 897 4213 dcc-⁸

47 4239 103 4288 811.
664 4229 734 4294 1063.
761 4229 856 4293 fronte]
878 4225 1074 4304 '‘appearance',
1105 4227 1210 4277 ‘show’.

47 4297 592 4430 11811111.1111111111ξῖ
627 4295 893 4423 111111ῐέ1111ἕῖ
897 4294 1213 4425 illisi-,liquefacit

47 4431 127 4483 tuitio
136 4439 165 4481 tu
176 4432 246 4499 longe
255 4432 379 4481 recessisti.
627 4433 682 4479 esto.
1225 4452 1234 4468 .
