2746 4884
438 351 583 416 LIBER
615 353 657 417 X.
685 367 869 434 473—524
1198 360 1259 441 385

134 518 200 581 iam
224 538 329 601 prope
351 524 521 582 semustae
544 527 740 599 merguntur
763 518 796 581 in
820 539 967 602 aequore
989 521 1121 601 classes,

134 620 268 701 iamque
290 619 403 684 hostes
426 630 460 683 et
485 619 553 683 tela
575 628 704 683 natant.
750 640 811 684 nec
834 622 1003 705 puppibus
1025 623 1111 707 ignis

134 721 284 785 incubuit
308 721 405 785 solis:
435 723 493 786 sed
517 743 604 804 quae
627 722 738 785 uicina
760 721 852 786 fuere

134 834 225 889 tecta
247 826 330 889 mari
354 826 464 907 longis
488 846 625 907 rapuere
648 824 829 908 uaporibus
853 826 985 909 ignem:

134 938 168 993 et
191 928 321 994 cladem
345 929 573 1004 fouereNoti,
596 950 818 1012 percussaque
841 928 978 995 flamma
1112 946 1175 1014 500

135 1032 268 1096 turbine
290 1053 357 1096 non
381 1033 447 1096 alio
471 1041 564 1096 motu
588 1054 647 1128 pgr
669 1043 758 1098 tecta
780 1034 925 1097 cucurrit
1129 1108 1138 1131 ς

134 1156 235 1219 quam
259 1137 345 1201 solet
368 1136 517 1201 aetherio
540 1122 670 1219 lampas
692 1137 874 1201 discurrere
897 1138 991 1204 sulco
1016 1123 1065 1181 ,la
1112 1116 1128 1170 '3'
1191 1120 1193 1125 ¹

134 1242 342 1324 materiaque
363 1262 479 1305 carens
502 1252 603 1323 atque
626 1241 746 1304 ardens
769 1262 844 1305 aere
867 1241 947 1307 solo.

134 1346 192 1410 illa
215 1346 286 1410 lues
309 1345 426 1410 clausa
444 1345 580 1428 paulum
604 1345 774 1408 reuocauit
796 1345 840 1408 ab
862 1345 938 1409 aula
969 1325 1081 1393 W

133 1450 224 1513 urbis
247 1450 280 1512 in
304 1447 468 1512 auxilium
493 1447 643 1530 populos.
689 1468 751 1511 nec
773 1456 927 1530 tempora
949 1448 1054 1514 cladis
1110 1464 1169 1532 505

132 1553 280 1637 perdidit
303 1553 336 1614 in
360 1571 505 1627 somnos,
528 1552 587 1615 sed
611 1571 711 1615 caeca
734 1561 833 1616 nocte
856 1552 977 1616 carinis

133 1658 259 1722 insiluit
283 1656 417 1732 Caesar,
440 1677 571 1739 semper
594 1655 734 1720 feliciter
756 1677 835 1720 usus

133 1762 307 1846 praecipiti
331 1781 428 1825 cursu
452 1760 614 1825 bellorum
638 1769 673 1823 et
695 1769 847 1842 tempore
870 1770 975 1844 rapto.

132 1876 205 1930 tum
229 1866 410 1929 claustrum
434 1863 544 1947 pelagi
568 1863 658 1947 cepit
682 1863 822 1928 Pharon.
854 1865 965 1928 insula
987 1865 1157 1948 quondam

133 1970 167 2032 in
190 1969 303 2032 medio
326 1968 419 2033 stetit
442 1966 499 2031 illa
522 1967 605 2030 mari
627 1968 691 2031 sub
712 1974 864 2048 tempore
887 1968 975 2031 uatis
1107 1979 1171 2047 510

133 2074 292 2137 Proteos:
322 2080 357 2135 at
380 2091 468 2134 nunc
492 2079 542 2134 est
567 2070 705 2135 Pellaeis
727 2070 885 2153 proxima
909 2070 1019 2135 muris.

132 2177 190 2240 illa
212 2177 289 2240 duci
311 2177 464 2259 geminos
488 2175 651 2239 bellorum
674 2177 841 2259 praestitit
862 2196 960 2240 usus:

132 2280 271 2345 abstulit
293 2301 454 2343 excursus
478 2288 511 2343 et
534 2279 646 2343 lauces
669 2279 821 2362 aequoris
844 2279 949 2356 hosti;

133 2383 286 2449 Caesaris
308 2384 443 2447 auxiliis
466 2384 577 2448 aditus
600 2404 640 2447 ac
663 2382 767 2447 libera
788 2383 883 2466 ponti

131 2489 218 2552 ostia
240 2488 399 2570 permisit.
444 2508 505 2550 nec
528 2506 654 2570 poenas
677 2486 754 2550 inde
779 2485 912 2550 Pothini
1107 2499 1166 2568 515

132 2593 263 2658 distulit
286 2593 442 2657 ulterius:
473 2593 531 2655 sed
556 2612 623 2655 non
646 2612 713 2674 qua
735 2591 851 2656 debuit
874 2591 921 2655 ira

131 2718 198 2761 non
222 2718 319 2760 cruce
342 2716 407 2759 non
432 2693 577 2759 flammis
601 2695 719 2759 rabido
743 2716 809 2758 non
833 2696 936 2759 dente
958 2695 1121 2759 serarum:

130 2804 195 2865 heu
220 2800 356 2876 facinus,
378 2801 494 2864 ceruix
517 2799 633 2882 gladio
656 2800 744 2863 male
767 2820 864 2864 caesa
887 2801 1069 2882 pependit:

131 2906 249 2989 Magni
272 2915 380 2969 morte
403 2905 496 2988 perit
543 2924 673 2968 necnon
696 2904 855 2986 subrepta
878 2904 1003 2987 paratis
1113 2924 1115 2929 ·
1221 2899 1224 2905 ’

130 3030 150 3072 a
173 3007 299 3071 famulo
322 3007 522 3090 Ganymede
545 3006 632 3070 dolis
654 3006 806 3089 peruenit
829 3007 871 3070 ad
895 3005 1008 3069 hostes
1105 3018 1169 3086 520

131 3112 284 3178 Caesaris
308 3111 470 3175 Arsinoe:
500 3132 588 3194 quae
610 3120 720 3175 castra
742 3113 889 3176 carentia
912 3131 990 3194 rege

131 3227 167 3281 ut
190 3217 300 3302 proles
325 3219 439 3301 Lagea
461 3226 554 3282 tenet
577 3217 807 3300 famulumque
829 3217 964 3299 tyranni

130 3321 311 3386 terribilem
335 3323 423 3386 iusto
445 3321 607 3405 transegit
630 3321 785 3386 Achillea
808 3321 902 3386 ferr0.

129 3427 244 3504 altera,
268 3428 404 3509 Magne,
425 3428 491 3491 tuis
514 3428 581 3490 iarn
605 3428 742 3492 uictima
765 3427 908 3491 mittitur
930 3426 1075 3493 umbris:

309 3591 316 3614 ί
731 3586 738 3604 Ι

63 3605 147 3706 tlt.
159 3589 471 3720 lhssssdarssullllp
491 3590 535 3639 ²¹¹⁹
554 3589 629 3640 ‘³³⁰⁰‘
669 3591 970 3718 “llll‘wl‘ll'ltl'r...
988 3654 1007 3704 1
1025 3670 1077 3705 wa
1093 3670 1151 3705 now
1165 3655 1253 3720 jona

74 3737 133 3784 501.
167 3737 219 3769 non
231 3721 283 3769 alio
294 3720 372 3781 nrotu]
387 3721 426 3769 ‘as
437 3719 513 3769 swiltl
536 3718 550 3768 '.
666 3728 694 3770 1ο
705 3720 748 3770 the
759 3720 889 3770 mainland
900 3722 935 3784 by
945 3737 961 3770 a
972 3720 1048 3770 mole.

74 3803 133 3850 50²·
166 3737 628 3860 1010101105Αεη.11ἶ97,698
700 3787 755 3848 518.
800 3787 875 3872 male]
893 3786 1041 3850 ‘Wrongly’,
1065 3788 1104 3836 ‘as
1123 3785 1143 3836 it
1161 3786 1252 3837 should

63 3870 94 3902 xm
108 3854 180 3916 longo
191 3853 273 3900 limate
282 3851 365 3899 sulcus
374 3852 419 3899 dat
430 3851 515 3900 lucem.
666 3859 710 3900 not
721 3850 787 3901 have
798 3851 862 3900 been
877 3886 884 3899 .

73 3933 132 3981 503.
175 3917 513 3981 materiaquecarens]¹with
521 3916 628 3981 nothing
700 3930 755 3982 519.
800 3917 895 3980 Magni
912 3916 999 3978 morte]
1018 3916 1087 3982 quali
1108 3917 1252 3983 Pompeius.

63 3985 105 4033 »lid
119 3992 146 4032 to
157 3982 214 4031 seed
226 3981 267 4031 it'.
301 3981 333 4031 cl.
346 3990 405 4030 note
417 3994 471 4030 0111
487 3981 542 4045 156.
666 3981 753 4031 Schol.

72 4064 131 4112 505.
168 4048 256 4108 cladis]
279 4063 314 4097 sc.
338 4048 380 4096 the
403 4048 512 4111 buming
535 4048 564 4096 ol
584 4048 627 4097 the
699 4061 754 4110 511.
792 4046 910 4108 Arsinoe]
940 4047 996 4097 The
1011 4063 1123 4113 younger
1137 4048 1210 4099 sister
1226 4049 1256 4099 os

63 4116 109 4180 lips
121 4114 171 4162 and
185 4113 241 4162 fires
253 4115 279 4161 in
290 4113 334 4162 the
345 4120 421 4162 town.
666 4112 810 4178 Cleopatra

72 4193 129 4244 ³07·
155 4178 258 4242 semper]
266 4177 298 4228 cf.
308 4179 350 4227 the
357 4178 487 4228 character
495 4176 524 4227 ol
533 4179 625 4228 Caesar
697 4179 809 4227 carentia
827 4178 888 4242 rege]
906 4178 947 4228 i.e.
965 4179 1072 4228 because
1084 4178 1178 4228 Caesar
1189 4179 1252 4245 kept

63 4257 204 4307 143-157.
665 4244 708 4293 the
719 4258 805 4307 young
816 4243 878 4307 king
890 4244 951 4293 with
963 4244 1016 4293 him
1028 4260 1055 4293 as
1066 4260 1082 4293 a
1093 4243 1205 4309 hostage.

71 4326 129 4373 510.
160 4311 189 4358 in
202 4309 291 4370 medio]
303 4309 335 4358 cl.
350 4310 429 4358 Hom.
442 4309 522 4372 Odys.
537 4320 565 4356 1v
579 4324 626 4373 354
699 4324 754 4372 523.
791 4309 917 4369 Achillea]
928 4309 966 4358 lor
976 4309 1095 4358 Achillan
1101 4326 1109 4368 ;
1122 4307 1252 4373 εοΞέρξεα

64 4393 91 4441 q.
110 4373 183 4434 νῆσος
200 4373 287 4423 ἔπειτά
297 4392 332 4423 τις
344 4377 398 4423 ἔστι
416 4377 577 4435 πολυκλύστῳ
591 4376 627 4422 ἐνὶ
665 4374 686 4423 is
701 4375 762 4423 used
776 4375 809 4438 by
821 4375 919 4424 Herod.
934 4386 977 4424 vll
990 4394 1006 4440 4
1017 4390 1046 4427 as
1056 4375 1100 4426 the
1111 4376 1252 4426 accusative

63 4443 122 4502 Ξνπῳ
138 4442 267 4501 Αἰγύπτου
290 4437 449 4503 προπάροιθε,
470 4441 549 4503 Φάρον
567 4442 594 4489 δέ
613 4441 626 4490 ὲ
665 4439 695 4488 01
702 4437 800 4504 Ξέρξης.

126 4545 163 4598 11.
174 4547 205 4598 L.
1120 4545 1159 4616 25
