2746 4884
153 331 214 379 110
485 316 669 382 LUCANI
703 315 1020 383 PHARSALIAE

236 497 297 539 nec
312 476 466 541 flammas
482 488 640 561 superant
656 479 785 543 undae:
807 480 998 564 sparsisque
1014 501 1073 564 per
1088 502 1217 565 aequor
1231 483 1286 562 685

235 579 301 643 iam
325 581 451 646 ratibus
473 580 662 665 fragmenta
683 583 772 647 ferus
793 583 857 647 sibi
880 584 1030 649 uindicat
1053 585 1149 668 ignis

234 680 288 747 hic
311 683 428 767 recipit
451 682 571 749 fluctus
594 685 773 769 extinguat
795 695 834 750 ut
856 707 1002 768 aequore
1025 686 1202 752 flammas:

234 784 268 847 hi
291 807 334 851 ne
357 797 550 871 mergantur
572 789 694 853 tabulis
716 789 910 854 ardentibus
932 789 1084 867 haerent.

235 889 469 980 millemodos
491 891 578 955 inter
600 892 658 956 leti
681 913 771 957 mors
794 913 861 957 una
883 894 997 958 timori
1019 904 1072 959 est

234 1013 302 1076 qua
324 1015 463 1078 coepere
485 997 577 1060 mori.
623 1017 685 1061 nec
707 1005 815 1062 cessat
839 996 1001 1081 naufraga
1022 999 1150 1064 uirtus:
1210 999 1274 1082 690

234 1098 302 1163 tela
325 1099 440 1183 legunt
462 1100 592 1164 deiecta
616 1101 698 1164 mari
722 1100 916 1183 ratibusque
939 1101 1148 1167 ministrant:

234 1203 443 1286 incertosque
465 1225 584 1268 manus
607 1205 675 1268 ictu
698 1205 879 1288 languente
902 1225 962 1288 per
984 1205 1094 1270 undas

235 1318 401 1374 exercent.
445 1329 534 1374 nunc
556 1330 630 1374 rara
653 1309 753 1373 datur
775 1310 803 1372 si
825 1309 923 1392 copia
945 1309 1022 1374 ferri

235 1399 373 1478 utuntur
392 1411 521 1497 pelago.
565 1433 685 1477 saeuus
707 1411 942 1496 complectitur
963 1413 1097 1479 hostem

234 1516 348 1594 hostis,
370 1527 404 1581 et
427 1518 598 1601 implicitis
619 1517 769 1601 gaudent
791 1516 963 1582 subsidere
986 1520 1159 1598 membris,
1211 1522 1272 1604 695

235 1632 489 1707 mergentesque
512 1622 765 1706 mori—pugna
788 1621 850 1686 suit
874 1642 959 1686 unus
982 1623 1016 1686 in
1039 1623 1098 1689 illa

235 1727 378 1791 eximius
403 1726 552 1791 Phoceus
575 1727 722 1791 animam
746 1747 878 1791 seruare
900 1726 963 1790 sub
986 1726 1097 1809 undis,

235 1832 440 1915 scrutarique
462 1831 593 1908 fretum,
615 1833 643 1895 si
667 1831 747 1914 quid
770 1831 939 1896 mersisset
960 1831 1106 1909 hareniS,

234 1946 269 2000 et
291 1937 390 2001 nimis
413 1937 547 2002 adfixos
570 1937 646 2001 unci
668 1936 857 2000 conuellere
880 1957 1019 2013 morsus
1094 1979 1097 1983 -

234 2041 418 2105 adductum
442 2042 598 2125 quotiens
621 2062 688 2105 non
711 2049 861 2104 senserat
883 2060 1007 2104 ancora
1028 2039 1157 2106 sunem.
1211 2057 1277 2126 700

233 2145 287 2211 hic
309 2146 366 2210 ubi
390 2166 619 2230 compressum
642 2145 777 2229 penitus
799 2145 989 2209 deduxerat
1010 2142 1156 2222 hostem,

234 2249 341 2313 uictor
363 2258 397 2314 et
420 2249 596 2314 incolumis
618 2269 767 2313 summas
791 2248 962 2313 remeabat
984 2249 1029 2313 ad
1052 2251 1169 2314 undas

233 2352 291 2416 sed
315 2373 351 2417 se
374 2373 435 2436 per
456 2374 580 2417 uacuos
602 2352 708 2417 credit
730 2353 811 2416 dum
835 2372 970 2435 surgere
993 2351 1125 2432 fluctus,

233 2457 401 2541 puppibus
424 2458 567 2521 occurrit
589 2457 794 2539 tandemque
816 2455 879 2519 sub
902 2476 1048 2539 aequore
1071 2459 1205 2545 mansit

233 2562 267 2627 hi
290 2583 391 2646 super
412 2561 551 2626 hostiles
573 2562 721 2652 iecerunt
743 2559 899 2625 bracchia
923 2581 1033 2624 remos
1208 2575 1269 2644 705

233 2676 267 2732 et
291 2668 412 2732 ratium
434 2674 573 2730 tenuere
596 2664 719 2749 sugam.
765 2684 833 2726 non
856 2663 996 2746 perdere
1017 2664 1125 2728 letum

233 2772 384 2835 maxima
406 2791 485 2834 cura
507 2768 588 2848 suit3
617 2768 741 2832 multus
764 2789 825 2832 sua
848 2768 985 2832 uolnera
1007 2769 1114 2853 puppi

232 2872 352 2938 adfixit
375 2873 521 2937 moriens
544 2879 578 2937 et
600 2871 714 2935 rostris
737 2871 875 2936 abstulit
898 2873 990 2936 ictus.

276 2989 421 3045 stantem
444 2977 580 3043 sublimi
602 2975 815 3060 Tyrrhenum
838 2975 983 3041 culmine
1006 2997 1125 3060 prorae

178 3182 234 3247 685.
270 3183 399 3248 superant]
418 3185 473 3248 ‘get
489 3184 533 3233 the
549 3183 630 3232 better
647 3182 677 3232 os
688 3181 732 3231 the
768 3182 878 3231 tissimus
888 3198 956 3231 unus
966 3182 1014 3247 qui
1015 3182 1340 3246 fraterniatem

145 3250 264 3300 flames’.·
768 3248 880 3297 tissimus
890 3249 970 3312 aequi.

180 3315 237 3379 687.
270 3315 366 3380 recipit]
383 3330 418 3364 sc.
431 3313 457 3363 in
468 3329 568 3364 nauem.
804 3312 860 3378 ⁶97·
893 3315 1009 3363 animam
1031 3314 1143 3376 seruare]
1172 3316 1212 3364 ‘to
1232 3313 1292 3378 keep
1310 3310 1342 3362 hir

182 3380 238 3446 689.
272 3397 338 3430 mors
354 3380 419 3441 una]
439 3380 516 3429 ‘each
527 3379 591 3429 sears
602 3378 657 3428 that
668 3377 731 3427 form
769 3377 878 3428 breath’.

145 3446 175 3496 oi
187 3445 263 3496 death
273 3446 347 3495 alone
362 3446 395 3510 by
407 3445 490 3494 which
505 3445 537 3494 he
552 3446 598 3494 has
609 3445 693 3509 beguu
705 3452 732 3493 to
803 3443 860 3559 623:
894 3444 974 3494 nimis
995 3444 1101 3508 adfixos]
1130 3449 1187 3495 ‘too
1209 3444 1287 3509 firmly
1302 3442 1340 3492 in·

859 3547 866 3571 2

145 3512 207 3572 die’,
221 3527 271 3576 eg.
281 3511 302 3560 ii
311 3512 342 3560 he
354 3511 515 3574 isdrowning
526 3511 558 3559 he
569 3511 589 3559 is
601 3509 732 3559 notalraid
770 3517 811 3559 ten
889 3510 931 3559 i.e.
950 3510 1057 3560 anchors
1073 3509 1157 3560 which
1173 3511 1248 3561 oould
1263 3517 1303 3560 not
1316 3506 1341 3556 br

145 3577 174 3628 of
183 3579 225 3627 the
238 3578 291 3633 fite,
300 3576 322 3625 if
329 3576 361 3626 he
373 3577 394 3626 is
405 3576 513 3640 buming
524 3576 556 3625 he
567 3576 589 3624 is
599 3583 644 3624 not
652 3575 732 3624 afraid
769 3575 856 3624 drawn
879 3590 912 3640 up
932 3574 959 3624 in
978 3575 1021 3625 the
1041 3575 1160 3639 ordinary
1179 3591 1242 3641 way.
1259 3575 1341 3625 eodm

144 3643 174 3692 oi
183 3644 225 3693 the
237 3650 321 3692 water.
769 3641 855 3690 would
867 3641 964 3706 require
976 3649 1002 3690 to
1013 3641 1047 3691 be
1058 3641 1156 3691 cleared
1170 3642 1206 3728 bp
1216 3641 1312 3692 adires.

178 3708 235 3773 694.
268 3715 380 3756 utuntur
387 3707 486 3794 pelago]
512 3707 583 3771 ‘they
600 3706 674 3755 make
689 3706 732 3756 the
805 3718 862 3768 700.
895 3706 1041 3768 adductum]
1058 3707 1208 3757 ‘strained.
1239 3700 1340 3759 oudd.

146 3790 188 3824 sea
200 3774 264 3824 their
276 3789 401 3838 weapon.
771 3773 843 3822 Caes.
858 3772 968 3821 B.G.111
984 3773 1343 3838 14cumsunesqus'antmn

177 3838 234 3907 696.
269 3846 445 3903 mergmtcsquc
456 3837 530 3899 nron]
550 3837 615 3886 ‘and
627 3836 668 3886 die
680 3853 732 3886 car-
770 3838 892 3886 admotos
902 3837 1061 3887 dcsnnabant
1070 3838 1239 3903 comprehensi
1246 3832 1341 3887 M

145 3906 217 3971 rying
228 3906 303 3954 down
315 3921 330 3954 a
342 3902 402 3954 loe’.
770 3919 817 3967 que
827 3910 908 3952 eram.

178 3988 246 4020 unus
260 3969 378 4031 eximius]
398 3972 461 4018 ‘one
473 3968 639 4032 conspicuous
650 3968 732 4017 above
804 3983 860 4032 703.
894 3967 1042 4030 uuaws1cs.
1055 3975 1115 4018 note
1126 3983 1160 4018 on
1173 3968 1296 4034 546supr.

146 4037 203 4086 all’.
237 4036 269 4086 cl.
282 4036 375 4087 Cic.in
390 4036 421 4084 L.
434 4036 509 4084 Caec.
522 4035 642 4096 div.§5a
655 4048 732 4098 neque
805 4033 861 4097 706.
890 4033 1095 4096 perdereletum]
1116 4036 1158 4083 ‘to
1174 4043 1260 4090 waste.
1276 4033 1343 4082 thro!

145 4103 211 4152 enim
222 4109 278 4151 esset
289 4102 433 4158 uerisimile,
445 4117 501 4149 cum
515 4100 629 4148 omnibus
640 4100 732 4148 Siculas
770 4113 841 4162 away
853 4099 918 4148 their
932 4096 1030 4148 death'.
1065 4099 1101 4150 So
1116 4099 1172 4148 also
1188 4094 1345 4148 drohhlmis

137 4169 233 4233 faceret
251 4169 370 4223 iniurias,
392 4174 414 4216 te
433 4167 475 4214 illi
494 4182 576 4213 unum
598 4164 728 4224 exinn'um,
770 4165 830 4214 used
843 4164 869 4213 in
881 4164 974 4224 Greek,
988 4163 1020 4214 el.
1033 4165 1212 4214 Demomdv.
1289 4163 1346 4226 qb

145 4235 186 4281 cui
196 4233 335 4292 consuleret,
342 4233 427 4296 fuisse
433 4250 443 4288 ,·
460 4232 516 4279 Liv.
531 4242 561 4279 ix
578 4246 609 4293 34
622 4237 650 4278 tu
662 4245 731 4278 unus
770 4233 798 4279 οὐ
819 4233 970 4292 στρατιάπην
996 4227 1123 4280 ἀπώλεσεν
1149 4227 1236 4281 οὐδένα
1272 4227 1345 4280 Ην

144 4299 322 4348 exinriusesin
333 4314 381 4362 quo
394 4298 436 4346 hoc
441 4297 600 4360 praecqtuom
612 4303 634 4344 et
644 4297 729 4359 singu·
768 4294 857 4359 βρίας).
1139 4335 1148 4355 ,

145 4366 199 4414 lare
214 4365 303 4413 ualeat.
341 4363 449 4412 exinrius
468 4362 489 4411 is
506 4361 650 4426 equivaleut
669 4369 730 4410 toa
804 4373 859 4424 707.
894 4377 941 4409 sua
963 4359 1078 4423 uolnera]
1106 4373 1142 4411 sc·
1171 4376 1246 4413 suum
1270 4373 1348 4427 corpu

145 4429 303 4495 superlative.
337 4428 368 4478 ci.
389 4429 464 4492 Verg.
488 4427 554 4476 Aen.
575 4426 730 4489 11426ius-
769 4427 936 4476 uulneratum.
