2746 4884
360 328 506 393 LIBER
537 329 616 395 VII.
648 330 827 412 262—303.
1133 341 1192 434 222

71 491 185 574 sitque
207 490 320 573 palam
344 510 428 572 quas
451 501 502 555 tot
525 491 625 555 duxit
649 493 827 575 Pompeius
850 493 883 554 in
906 491 1021 555 urbem

70 595 224 659 curribus
247 595 344 657 unius
366 605 483 675 gentes
507 615 573 658 non
598 615 670 658 esse
692 593 863 677 triumphi.
1046 592 1109 655 28ο

71 697 300 761 Armeniosne
323 706 437 759 mouet
462 697 618 761 Romana
640 700 792 780 potentia
814 686 907 762 cuius

72 803 118 864 sit
140 801 258 865 ducis?
288 810 346 865 aut
370 811 522 884 emptum
545 802 684 865 minimo
707 802 778 866 uolt
800 804 961 885 sanguine
983 802 1158 884 quisquam

72 904 236 967 barbarus
262 905 435 986 Hesperiis
459 904 622 987 Magnum
645 926 850 988 praeponere
874 905 994 969 rebus?

74 1008 250 1071 Romanos
273 1008 373 1071 odere
396 1028 514 1070 omnes
538 1009 759 1090 dominosque
780 1018 980 1091 grauantur3

73 1130 162 1192 quos
185 1130 316 1186 nouere,
340 1111 457 1192 magis.
502 1112 561 1174 sed
578 1132 639 1193 ‚me
663 1112 813 1174 Fortuna
836 1132 986 1175 meorum
1047 1112 1107 1190 285

73 1216 244 1277 commisit
267 1214 431 1291 manibus,
453 1235 594 1297 quorum
619 1235 673 1278 me
696 1215 806 1279 Gallia
829 1225 950 1280 testem

73 1326 127 1381 tot
151 1317 229 1382 fecit
252 1318 356 1382 bellis.
401 1320 495 1382 cuius
519 1339 586 1382 non
610 1319 726 1382 militis
749 1340 863 1383 ensem

73 1422 284 1502 agnoscam?
314 1420 511 1503 caelumque
533 1430 680 1485 tremens
702 1443 777 1485 cum
802 1422 917 1486 lancea
939 1423 1067 1496 transit,

74 1526 188 1588 dicere
211 1544 278 1588 non
301 1523 399 1587 fallar
420 1545 488 1606 quo
511 1526 554 1587 sit
577 1525 708 1587 uibrata
730 1524 862 1589 lacerto.

74 1629 169 1709 quod
192 1629 220 1691 si
243 1630 338 1711 signa
360 1630 480 1692 ducem
501 1649 685 1711 numquam
705 1628 854 1692 fallentia
877 1639 1022 1693 uestrum
1048 1645 1111 1709 290

73 1733 247 1814 conspicio
268 1731 435 1816 faciesque
457 1742 566 1796 truces
589 1734 769 1815 oculosque
791 1734 948 1809 minaces

74 1835 214 1901 uicistis.
260 1837 376 1901 uideor
398 1837 518 1900 fluuios
540 1846 692 1920 spectare
715 1838 848 1913 cruoriS,

75 1938 291 2022 calcatosque
314 1939 414 2003 simul
436 1960 539 2022 reges
563 1961 782 2024 sparsumque
804 1949 938 2003 senatus

75 2062 206 2125 corpus,
231 2053 265 2107 et
288 2045 452 2106 immensa
474 2043 617 2126 populos
640 2045 673 2106 in
696 2045 799 2107 caede
822 2045 977 2108 natantis.

74 2147 136 2210 sed
162 2167 237 2210 mea
258 2146 328 2211 sata
351 2167 470 2223 moror,
493 2147 550 2229 qui
574 2169 634 2211 uos
658 2149 691 2210 in
715 2148 783 2211 tela
806 2149 931 2212 ruentis
1049 2162 1108 2229 295

76 2251 217 2313 uocibus
240 2249 292 2313 his
315 2260 422 2315 teneo.
467 2254 600 2315 ueniam
624 2253 704 2316 date
727 2252 815 2316 bella
838 2242 1001 2317 trahenti:

75 2374 139 2437 spe
161 2355 312 2436 trepido:
342 2354 432 2418 haud
455 2377 617 2438 umquam
642 2358 710 2421 uidi
733 2366 804 2420 tarn
828 2376 952 2439 magna
974 2356 1112 2419 daturos

75 2468 148 2521 tam
171 2479 278 2543 prope
302 2480 355 2522 me
378 2481 536 2542 superos:
568 2482 764 2544 camporum
788 2460 894 2523 limite
917 2479 1021 2541 paruo

76 2562 239 2626 absumus
260 2584 281 2626 a
304 2566 411 2628 uotis:
441 2552 506 2647 ego
527 2586 601 2628 sum
625 2566 677 2628 cui
702 2565 812 2629 Marte
835 2573 970 2645 peracto

75 2684 165 2749 quae
188 2658 303 2748 populi
327 2687 490 2750 regesque
513 2677 629 2731 tenent
651 2669 778 2732 donare
800 2656 941 2730 licebit.'
1052 2680 1116 2745 300

77 2790 190 2852 quone
212 2770 281 2853 poli
306 2783 409 2849 motu,
432 2793 500 2854 quo
522 2771 605 2835 caeli
628 2773 736 2835 sidere
758 2786 864 2846 uersu,

76 2873 293 2938 Thessalicae
315 2885 460 2950 tantum,
482 2877 601 2958 superi,
624 2876 817 2958 permittitis
840 2875 940 2939 orae?

76 2989 137 3042 aut
160 2998 285 3042 merces
308 2978 408 3042 hodie
430 2979 594 3044 bellorum
617 2990 676 3044 aut
699 3001 807 3064 poena
830 2990 973 3063 paratur.

63 3189 80 3240 >.
118 3176 148 3225 c'n
163 3176 256 3237 urbem]
272 3176 305 3227 cl.
319 3177 419 3227 Petron.
435 3194 480 3228 222
491 3195 579 3243 quam·
650 3180 706 3242 285.
739 3195 798 3242 quos
813 3178 909 3240 nouere]
935 3177 975 3227 ie.
995 3173 1137 3241 Pompeius,
1157 3174 1200 3225 the

63 3257 138 3307 iquos
145 3241 227 3302 gloria
238 3242 332 3291 terret?
347 3250 394 3291 aut
404 3245 450 3307 qui
460 3251 521 3292 sunt
534 3245 580 3308 qui
617 3259 756 3308 conqueror
768 3244 796 3293 ol
805 3244 847 3293 the
859 3244 928 3292 East.

71 3307 159 3356 cient?
187 3306 334 3355 mercedibus
351 3316 444 3371 emptae
465 3325 494 3357 ac
516 3311 579 3358 uiles
650 3312 706 3359 288.
740 3309 880 3372 agnoscam]
913 3305 1200 3358 0ud.cs.Sil.1tat.1x

63 3371 176 3437 cquc'bus
186 3379 221 3419 cst
232 3388 283 3420 mea
295 3373 376 3421 Roma
388 3388 499 3423 nouerca.
618 3372 746 3436 246-248
762 3390 786 3422 sc
802 3389 935 3437 cognosccrc
953 3373 1029 3421 iactat
1045 3387 1095 3435 qua
1112 3371 1200 3419 dextra

63 3453 81 3487 2.
112 3436 241 3497 curribus]
257 3437 422 3501 ‘insomany
434 3437 577 3502 triumphs’.
616 3440 724 3487 ueniant
738 3439 864 3487 stridmtis
877 3438 947 3487 sibila
962 3438 1012 3497 teli,
1027 3436 1200 3501 promc'ttc'tquc

63 3501 111 3563 ius]
140 3505 197 3551 ‘are
216 3510 261 3551 not
278 3503 391 3551 material
408 3503 446 3552 sor
464 3519 478 3552 a
498 3504 578 3568 single
616 3505 680 3552 uiris
691 3504 761 3552 nulli
770 3520 793 3553 se
803 3503 980 3565 disorctcstcm.

63 3566 121 3632 ph’·
650 3583 704 3631 apo.
740 3569 824 3631 signa]
841 3569 1100 3633 i.e.sacicsquctruccc
1110 3565 1199 3615 oculos·

63 3645 78 3681 ι.
111 3631 202 3692 mouet]
219 3630 251 3680 ci.
268 3632 332 3681 Hor.
347 3633 399 3682 Sat.
416 3645 453 3682 lx
467 3635 497 3696 78
514 3631 579 3683 mcn’
616 3650 662 3697 quc
672 3637 784 3682 minaces.

63 3697 177 3745 accim
188 3697 337 3746 Pantilius?
650 3714 705 3763 292.
739 3697 832 3759 uideor]
857 3698 888 3747 cf.
910 3698 975 3746 Hor.
999 3711 1074 3745 carm.
1094 3706 1115 3744 11
1133 3694 1141 3743 i
1160 3710 1199 3749 22.

63 3776 80 3811 2.
114 3762 150 3810 sit
164 3760 246 3824 ducis]
264 3763 388 3828 Compare
400 3762 442 3813 the
456 3764 578 3828 language
618 3779 647 3813 22
665 3763 756 3812 arcdirc
772 3779 873 3827 magnos
890 3764 940 3811 2222
959 3762 1045 3811 uidcor
1060 3761 1129 3809 duces
1149 3775 1199 3808 non

63 3825 128 3875 tritis
146 3826 172 3874 in
191 3826 253 3875 Tac.
273 3828 342 3876 Hist.
361 3839 390 3876 tv
404 3840 432 3889 17
455 3828 514 3876 dum
532 3829 580 3877 atii
616 3828 960 3891 cicdecoropulccercsordidos.

63 3892 172 3940 monum
196 3891 246 3940 alii
269 3893 394 3941 W'tclliccm
409 3894 517 3957 faueant
530 3902 576 3958 pa·
649 3896 704 3958 298.
739 3901 790 3942 tam
797 3901 874 3957 prope
884 3893 932 3953 mc]
949 3892 980 3941 ct'.
991 3892 1067 3955 Verg.
1078 3889 1132 3939 Ecl.
1148 3901 1199 3949 142

63 3971 128 4005 mm
140 3956 261 4005 aduersus
271 3964 413 4022 utrumque.
616 3965 720 4007 nectam
749 3966 866 4007 racsentes
876 3959 940 4007 alibi
949 3972 1082 4021 cognoscere
1091 3956 1169 4003 diuos.

63 4040 81 4084 7.
110 4021 269 4085 grauantrcr]
297 4021 416 4079 ‘loathe'‚
436 4023 468 4073 cl.
484 4036 503 4071 v
518 4026 573 4086 258,
648 3966 884 4087 liricitcs¹dividing
907 4023 969 4071 line‘
989 4021 1039 4070 and
1062 4036 1091 4069 so
1111 4020 1199 4068 ‘inter-

73 4087 141 4151 Aug.
156 4098 187 4147 72
204 4086 289 4150 ampla
303 4094 326 4135 ct
342 4096 438 4150 operosa
451 4091 577 4152 praetoria
616 4086 676 4137 ral’.
832 4124 836 4136 .

63 4151 173 4199 riantur.
208 4151 578 4217 Plin.Paneg.43§3scis,ut
649 4167 704 4212 301.
740 4152 827 4218 quone]
846 4153 894 4216 ‘by
910 4152 976 4200 what
994 4149 1097 4214 shisting
1113 4147 1143 4197 ol
1156 4148 1199 4198 the

70 4216 169 4266 dcicersa
192 4223 287 4265 natura
308 4218 443 4266 dominatio
464 4225 486 4266 ct
503 4220 576 4281 prin·
615 4219 681 4282 pole,
703 4219 798 4281 hythe
818 4217 956 4266 revolution
974 4216 1003 4265 of
1019 4216 1085 4264 what
1103 4221 1154 4262 star
1173 4215 1199 4262 in

63 4296 93 4337 22,
102 4282 139 4330 ita
152 4297 203 4330 non
214 4283 274 4330 aliis
284 4298 331 4330 csse
337 4283 475 4347 principem
481 4285 575 4348 gracio-
615 4283 711 4333 heaven
717 4281 735 4332 i’
753 4284 803 4332 For
815 4283 857 4331 the
868 4283 960 4331 double
975 4282 1150 4344 interrogative
1165 4278 1196 4328 cs.

63 4361 130 4410 722222
141 4348 188 4412 qus·
200 4348 312 4397 maxime
324 4347 453 4397 dominum
465 4365 575 4411 gruum·
616 4361 635 4396 x
647 4363 687 4414 99,
700 4349 766 4398 Hor.
776 4349 830 4398 Sat.
842 4359 861 4397 11
872 4347 898 4396 iii
909 4362 954 4413 295
966 4362 1045 4412 quone
1056 4346 1121 4394 malo
1132 4361 1198 4394 22222-

615 4421 664 4462 tem
671 4416 803 4478 pcrcccssal
820 4413 907 4462 timore
917 4413 1024 4461 deorum.

79 4507 162 4560 in1.
1073 4495 1112 4556 16
