2746 4884
423 331 610 396 LUCANI
643 330 963 397 PHARSALIAE

174 503 226 560 est
249 494 338 572 mihi,
361 503 439 558 sunt
462 495 550 573 nati;
580 494 733 559 dedimus
756 504 808 559 tot
830 496 973 578 pignora
994 495 1077 562 fatis

175 599 307 665 ciuiline
330 621 448 684 parum
472 611 523 664 est
547 600 636 664 bello
659 602 685 664 si
710 621 829 684 meque
853 621 1014 684 meosque

174 705 310 768 obruis?
339 706 483 787 exiguae
505 704 618 768 clades
640 724 755 769 sumus
778 694 867 768 orbe'
881 705 1037 769 remoto?

175 809 287 872 omnia
306 807 386 891 quid
407 808 556 872 laceras?
579 809 659 892 quid
680 809 817 891 perdere
836 819 958 873 cuncta
978 807 1182 886 laborasidos

176 915 241 977 iarn
265 911 346 975 nihil
368 922 428 988 est,
452 913 608 988 Fortuna,
633 932 753 975 meum.
799 913 846 975 sic
870 911 975 976 fatur:
1005 923 1040 977 et
1061 933 1143 977 arma

175 1017 336 1100 signaque
359 1026 393 1080 et
415 1015 568 1080 adflictas
591 1017 683 1079 omni
707 1016 774 1079 iam
797 1025 893 1098 parte
915 1027 1068 1081 cateruas

175 1121 299 1196 circuit,
322 1129 356 1183 et
379 1130 514 1184 reuocat
538 1128 670 1183 matura
693 1120 727 1182 in
751 1119 820 1183 fata
844 1121 982 1196 ruentis,

175 1246 277 1308 seque
300 1236 401 1310 negat
424 1226 517 1290 tanti.
563 1246 625 1289 nec
648 1225 762 1289 deerat
785 1225 886 1288 robur
908 1227 942 1288 in
966 1247 1063 1290 enses

175 1327 221 1390 ire
244 1329 330 1406 duci,
353 1328 534 1411 iuguloque
556 1329 627 1410 pati
651 1326 705 1391 uel
729 1337 863 1410 pectore
887 1327 1011 1392 letum:
1137 1328 1185 1408 670

174 1433 233 1496 sed
256 1433 367 1497 timuit
390 1443 495 1497 strato
518 1433 612 1496 miles
635 1453 678 1496 ne
700 1454 837 1516 corpore
861 1432 979 1516 Magni

175 1557 241 1599 non
265 1535 393 1619 fugeret
417 1557 584 1619 supraque
607 1536 726 1599 ducem
750 1536 986 1619 procumberet
1010 1538 1112 1624 orbis:

176 1641 326 1706 Caesaris
350 1649 407 1704 aut
430 1641 534 1704 oculis
556 1639 662 1704 uoluit
685 1641 869 1704 subducere
893 1649 1045 1718 mortem,

175 1746 408 1828 nequidquam.
455 1745 579 1821 infelix,
601 1766 716 1809 socero
738 1755 888 1827 spectare
911 1744 1039 1809 uolenti
1137 1741 1185 1822 674

174 1851 411 1932 praestandum
428 1859 479 1913 est
495 1850 696 1932 ubicumque
711 1859 819 1934 caput.
851 1848 909 1912 sed
926 1860 964 1914 tu
981 1869 1118 1933 quoque,
1131 1845 1228 1911 cortun

173 1975 273 2018 causa
296 1953 395 2036 fugae
416 1955 594 2037 uoltusque
616 1956 684 2018 tui:
714 1955 857 2036 fatisque
881 1964 1042 2037 negatum

174 2067 207 2121 te
230 2067 405 2140 praesente
428 2059 518 2122 mori.
565 2068 636 2122 tum
662 2058 826 2140 Magnum
850 2058 1002 2122 concitus
1024 2056 1123 2121 aufert

173 2183 193 2225 a
216 2163 305 2226 bello
328 2164 460 2246 sonipes
485 2184 551 2227 non
575 2174 670 2246 tergo
693 2163 760 2227 tela
785 2172 965 2246 pauentem

173 2266 391 2348 ingentesque
413 2267 543 2330 animos
567 2278 719 2330 extrema
743 2268 775 2329 in
799 2266 868 2329 fata
892 2265 1062 2330 ferentem.

173 2390 240 2433 non
263 2372 409 2451 gemitus
434 2391 499 2433 non
524 2370 621 2434 fletus
644 2380 715 2434 erat
739 2369 900 2453 saluaque
923 2372 1087 2434 uerendus
1134 2368 1183 2431 680

172 2475 347 2537 maiestate
370 2473 474 2550 dolor,
498 2475 631 2556 qualem
655 2484 697 2550 te,
723 2475 856 2556 Magne,
880 2475 1024 2539 decebat

172 2579 334 2642 Romanis
358 2589 525 2661 praestare
550 2578 654 2641 malis
700 2599 767 2640 non
791 2579 919 2660 impare
944 2578 1038 2641 uoltu

171 2683 315 2764 adspicis
338 2681 548 2745 Emathiam:
576 2703 636 2745 nec
660 2692 693 2745 te
717 2683 830 2745 uidere
852 2683 1034 2763 superbum

171 2806 329 2868 prospera
351 2786 513 2850 bellorum
536 2807 598 2849 nec
621 2785 761 2849 fractum
785 2787 926 2850 aduersa
950 2787 1115 2850 uidebunt

172 2908 340 2972 quamque
363 2886 424 2951 fuit
448 2888 537 2951 laeto
560 2910 619 2971 per
642 2898 708 2951 tres
732 2887 835 2951 infida
858 2889 1055 2972 triumphos,
1136 2887 1183 2963 685

118 3110 175 3161 662.
208 3119 242 3160 tot
252 3113 373 3176 pignora]
389 3127 423 3162 sc.
442 3112 467 3161 in
480 3129 544 3177 quae
558 3114 668 3163 saeuiant
708 3114 752 3178 thy
764 3113 837 3163 face’.
1222 3167 1226 3177 ,

86 3178 107 3227 si
119 3193 175 3227 meo
186 3177 306 3242 sauguine
317 3178 479 3227 delectantur.
515 3178 599 3228 Schol.
733 3179 845 3244 satisque
857 3181 985 3242 negatum]
1007 3182 1065 3230 ‘but
1080 3181 1121 3230 the
1134 3170 1228 3245 farefort·

119 3242 175 3306 664.
209 3243 300 3304 obruis]
328 3244 362 3293 So
380 3243 503 3307 Sulpitius
519 3245 590 3293 reads
609 3244 669 3293 with
709 3246 762 3293 that
779 3246 810 3294 he
826 3246 916 3294 should
933 3246 975 3295 die
991 3247 1017 3294 in
1034 3247 1077 3310 thy
1092 3238 1228 3311 praescit

86 3325 155 3359 some
176 3308 251 3358 MSS.
272 3309 375 3372 making
395 3308 437 3357 the
457 3310 538 3359 words
558 3326 589 3358 an
610 3326 669 3374 apo·
710 3311 827 3359 Cornelia
844 3326 895 3359 was
914 3312 1008 3360 denied
1029 3313 1070 3361 the
1090 3307 1228 3361 consotient

87 3373 188 3439 strophe
200 3382 226 3423 to
240 3374 366 3422 Fortune:
383 3374 459 3438 uolgo
470 3375 564 3422 obruat.
709 3376 840 3439 attending
855 3392 888 3424 on
904 3376 949 3425 her
967 3376 1083 3426 husband
1100 3385 1125 3426 at
1141 3377 1172 3424 ltis
1184 3363 1228 3418 <lull

118 3440 194 3489 clades
211 3439 307 3499 mmus]
332 3439 362 3488 cf.
378 3451 398 3487 11
413 3442 460 3501 708
475 3441 567 3503 exigua
581 3440 668 3503 estsu·
710 3442 753 3489 she
765 3441 824 3504 only
836 3457 886 3489 saw
899 3441 938 3490 his
954 3444 1056 3491 munler
1067 3438 1228 3491 frenatum

82 3505 265 3569 gahnudtoria
276 3505 394 3567 Magnus.
710 3504 958 3569 cf.v111636—64o.
993 3509 1071 3572 queis
1085 3503 1228 3557 tobeulat

119 3569 218 3631 remoto]
236 3569 265 3618 cf.
282 3572 328 3631 585
341 3585 406 3633 supr.
710 3571 785 3628 often,
809 3571 994 3636 disjunctively.
1038 3573 1160 3638 Sulpitius,
1179 3565 1217 3614 «u

119 3634 175 3686 666.
211 3635 302 3696 meum]
327 3634 393 3684 faeta
413 3636 480 3685 enim
503 3646 557 3685 sunt
582 3644 671 3686 cuncta
710 3637 825 3685 followed
839 3637 872 3701 by
884 3637 977 3692 Weise‚
991 3639 1148 3702 conjectured
1155 3631 1228 3705 pult*

84 3701 194 3751 uictoris.
229 3700 313 3750 Schol.
709 3710 749 3757 est,
763 3703 806 3751 but
820 3702 861 3751 the
869 3703 1032 3767 explanation
1041 3705 1115 3767 given
1123 3705 1228 3752 abanan

118 3765 175 3832 669.
209 3782 278 3831 seque
294 3774 367 3830 negat
382 3767 460 3827 tanti]
477 3783 511 3816 sc.
527 3767 599 3831 pretii
617 3783 670 3817 esse
710 3776 787 3817 tome
800 3775 826 3816 to
839 3767 913 3816 make
925 3784 975 3832 any
986 3769 1084 3832 change
1095 3772 1228 3833 tutricem)l

86 3841 113 3882 ut
143 3848 170 3881 ro
182 3847 208 3881 se
220 3847 307 3881 omnes
319 3833 381 3880 mori
393 3833 509 3880 debeant.
546 3832 630 3881 Schol.
741 3833 797 3896 679.
831 3834 938 3896 ingentes
954 3834 993 3895 ue]
1021 3835 1079 3883 ‘but
1099 3825 1228 3896 carnut!

117 3849 174 3960 dbt.
208 3913 321 3947 ne...non
332 3898 441 3961 fugerat]
467 3897 570 3947 ‘should
591 3897 670 3947 refuse
709 3914 814 3962 courage
827 3907 852 3946 to
863 3850 980 3946 meethis
993 3898 1053 3947 final
1065 3900 1156 3949 doom’.

85 3971 112 4012 to
123 3962 177 4027 fly'.
741 3965 797 4014 680.
838 3964 967 4027 soluaquc]
997 3965 1079 4028 ‘grief
1096 3966 1147 4014 that
1165 3963 1228 4011 dem

118 4027 174 4092 ⁶74·
207 4036 313 4092 spectare
330 4028 433 4088 uolenti]
460 4030 547 4091 ‘eager
569 4029 607 4077 for
627 4030 686 4078 the.
708 4039 803 4142 respect
816 4029 876 4077 with
887 4029 986 4092 dignity
999 4030 1167 4095 unimpaired'.

84 4095 170 4158 sight'.
757 4097 796 4143 82.
829 4094 1169 4158 rionimpan1‘unatrered'.
1211 4149 1216 4161 ⁴

117 4159 174 4223 675.
208 4159 362 4223 radicumque]
381 4158 557 4208 ‘wheresoe'er
577 4159 594 4208 it
614 4159 666 4208 be'.
739 4160 795 4222 685.
836 4160 969 4223 quatitque]
997 4175 1033 4209 sc.
1060 4174 1172 4225 quamque
1190 4158 1228 4200 Μ

85 4225 152 4274 Oud.
165 4224 194 4274 cf.
211 4225 258 4274 Ov.
273 4227 360 4273 Amor.
376 4237 408 4273 111
422 4242 435 4272 x
450 4241 462 4285 5
475 4232 498 4274 tc
507 4227 550 4273 deu
565 4226 666 4290 tnunifi-
698 4224 765 4287 sm't,
775 4227 815 4273 ie.
828 4241 854 4273 as
866 4225 941 4273 much
955 4241 982 4274 as
994 4225 1056 4275 thou
1069 4236 1127 4275 wast
1138 4215 1228 4288 suptml

84 4307 136 4338 com
145 4297 227 4355 gmtes
239 4291 375 4355 ubicunque
383 4291 528 4354 loqmmtur.
707 4290 780 4338 fickle
804 4291 913 4338 Fortune
930 4291 1005 4340 when
1026 4286 1202 4357 prosperouis

117 4355 173 4417 ⁶7⁶·
208 4357 335 4418 uoltusque
354 4356 403 4416 tui]
435 4356 491 4405 ‘the
514 4355 619 4419 thought
642 4356 671 4404 of
706 4357 780 4403 midst
797 4356 825 4403 of
838 4355 882 4418 thy
893 4356 963 4405 three
974 4357 1105 4422 triumphs,
1122 4346 1228 4405 sontutl¹

84 4420 128 4484 thy
145 4419 219 4475 face',
237 4437 264 4469 or
281 4422 388 4486 perhaps
408 4422 465 4470 ‘the
482 4422 562 4471 desire
582 4429 608 4470 to
626 4438 666 4472 see
705 4421 765 4470 thou
777 4421 828 4471 still
839 4421 951 4487 superior
963 4432 990 4471 to
1002 4423 1082 4473 hetin
1093 4418 1201 4481 advusity·
