2746 4884
420 307 607 375 LUCANI
638 306 958 375 PHARSALIAE

171 475 370 539 damnatum
394 472 463 535 leto
485 470 655 536 traherent
678 471 721 535 ad
745 471 846 536 litora
868 472 1046 555 Magnum,
1141 486 1193 554 570

171 599 239 641 non
262 576 321 641 ulli
343 576 504 640 comitum
527 575 660 640 sceleris
684 578 859 660 praesagia
881 579 1033 642 deerant

171 682 307 764 quippe,
330 679 414 743 fides
437 680 464 742 si
488 700 571 762 pura
594 679 689 754 soret,
711 681 738 743 si
762 683 854 762 regia
877 680 1008 764 Magno

172 795 378 867 sceptrorum
401 785 528 847 auctori
552 804 631 847 uera
653 785 779 867 pietate
802 794 940 867 pateret,

172 898 350 951 uenturum
374 895 447 951 tota
471 886 627 950 Pharium
651 908 727 950 cum
751 886 856 951 classe
880 897 1073 971 tyrannum.

171 992 231 1056 sed
255 992 343 1055 cedit
366 990 454 1067 fatis,
476 991 684 1075 classemque
707 992 892 1075 relinquere
915 993 1026 1056 iussus
1142 1007 1203 1074 575,

172 1095 376 1176 obsequitur,
399 1094 572 1176 letumque
595 1095 689 1158 iuuat
711 1094 876 1176 praeferre
898 1096 1030 1194 timori,

173 1196 243 1259 ibat
266 1197 300 1258 in
322 1195 479 1260 hostilem
502 1216 662 1278 praeceps
685 1196 841 1262 Cornelia
863 1199 1019 1281 puppim,

172 1300 237 1363 hoc
260 1300 367 1382 magis
391 1300 569 1382 impatiens
592 1320 726 1382 egresso
748 1302 865 1364 deesse
888 1303 1021 1378 marito,

171 1403 261 1484 quod
286 1402 405 1466 metuit
428 1403 548 1466 clades.
594 1423 739 1478 remane,
761 1405 940 1467 temeraria
962 1407 1123 1483 coniunx,

173 1514 208 1569 et
231 1515 276 1581 tu,
299 1516 387 1581 nate,
409 1527 535 1588 precor,
558 1504 725 1589 longeque
746 1527 766 1569 e
789 1506 886 1570 litore
908 1528 1008 1571 casus
1141 1509 1195 1588 580

172 1618 370 1691 exspectate
393 1630 495 1686 meos,
520 1620 554 1672 et
577 1611 610 1673 in
635 1610 697 1673 hac
719 1611 847 1674 ceruice
870 1612 1007 1693 tyranni

174 1713 352 1795 explorate
375 1712 485 1788 fidem,
507 1707 639 1778 dixitil
649 1715 707 1777 sed
731 1713 814 1777 dura
837 1715 965 1778 uetanti

173 1816 335 1879 tendebat
357 1816 509 1898 geminas
532 1836 649 1878 amens
673 1816 828 1881 Cornelia
851 1816 1003 1898 p'almas:

173 1939 241 2000 quo
263 1918 336 1981 sine
359 1939 422 1993 me,
444 1918 595 1994 crudelis,
619 1919 715 1983 abis?
759 1919 922 1982 iterumne
946 1919 1117 2003 relinquor
1141 1921 1195 2000 584

172 2019 375 2083 Thessalicis
398 2022 556 2085 submota
579 2022 699 2086 malis?
744 2042 928 2105 numquam
951 2023 1067 2088 omine
1088 2023 1171 2086 laeto

173 2124 390 2187 distrahimur
412 2126 532 2189 miseri.
576 2136 710 2208 poteras
732 2146 799 2189 non
824 2124 958 2189 flectere
979 2127 1132 2209 puppim,

172 2248 250 2291 cum
274 2227 413 2310 sugeres,
437 2227 512 2303 alio,
536 2227 738 2312 latebrisque
761 2228 945 2312 relinquere
968 2230 1082 2307 Lesbi,

172 2331 329 2395 omnibus
352 2351 372 2394 a
394 2331 490 2394 terris
513 2332 540 2394 si
564 2352 624 2395 nos
647 2353 758 2395 arcere
780 2333 931 2414 parabas

172 2455 216 2499 an
240 2443 372 2498 tantum
396 2435 429 2497 in
453 2433 573 2498 fluctus
596 2433 713 2517 placeo
736 2435 871 2498 comes?
915 2435 1000 2498 haec
1023 2435 1080 2498 ubi
1103 2433 1208 2499 fmstra

173 2538 299 2613 effudit,
323 2538 431 2620 prima
454 2539 578 2619 pendet
602 2546 715 2600 tamen
739 2539 843 2600 anxia
865 2558 1000 2621 puppe:
1143 2551 1197 2618 590

173 2642 394 2723 adtonitoque
417 2651 509 2703 metu
534 2660 594 2703 nec
617 2661 786 2723 quoquam
809 2650 960 2704 auertere
983 2641 1076 2705 uisus

173 2767 233 2810 nee
259 2746 422 2827 Magnum
445 2754 596 2827 spectare
618 2755 737 2828 potest.
782 2747 876 2809 stetit
899 2747 1003 2809 anxia
1026 2747 1142 2810 classis

172 2851 216 2914 ad
239 2851 333 2914 ducis
356 2860 525 2926 euentum,
549 2859 702 2913 metuens
725 2870 792 2912 non
817 2870 909 2913 arma
932 2849 1104 2933 nefasque,

84 3032 125 3065 sae
137 3032 202 3065 nexa
213 3032 263 3064 rem
277 3032 307 3065 ex
321 3032 346 3064 se
355 3016 454 3080 gignat.
488 3015 666 3080 Manil.153r
706 3017 736 3065 in
747 3017 858 3064 aduersis
868 3017 981 3079 explorat
990 3032 1087 3065 cornua
1098 3015 1199 3064 truncis.

85 3098 135 3130 nen
157 3089 307 3161 casuspopus
327 3088 363 3129 est
384 3082 474 3144 magni
493 3080 534 3130 sed
554 3082 670 3130 numinis
741 3084 808 3167 ⁵⁸²3
830 3082 896 3129 dura
919 3083 1028 3144 uetante]
1057 3082 1158 3145 ‘giving
1181 3097 1195 3129 ι
1216 3092 1240 3127 cn

83 3147 174 3274 &quib
209 3211 304 3260 sceleris
323 3210 466 3276 praesagia]
494 3215 525 3259 ‘a
550 3210 669 3276 presenti·
705 3147 795 3274 resgtlffl
810 3181 816 3194 ι
834 3210 1096 3286 Thessalicis...maiis]
1117 3214 1170 3260 ‘am
1187 3210 1234 3258 Ito

84 3286 154 3326 ment
166 3276 195 3325 ol
203 3277 332 3352 thelerime
344 3277 393 3324 had
406 3285 449 3325 not
461 3277 526 3352 been
537 3275 667 3352 wanting’.
705 3277 749 3326 leit
769 3277 862 3352 behind
882 3292 964 3352 agam,
988 3276 1000 3323 Ι
1023 3277 1082 3352 iyho
1103 3293 1155 3325 was
1172 3276 1240 3351 debeo

86 3341 310 3456 lhistypichueppe]
336 3342 388 3391 ‘lor
412 3342 470 3405 they
493 3343 573 3405 might
595 3341 669 3390 think
705 3341 886 3470 {qqprrshanng
901 3357 926 3389 ιιι
942 3341 986 3390 the
1000 3341 1164 3391 mrslortunes
1177 3338 1240 3389 rn'l'l

119 3485 174 3534 573.
210 3478 357 3534 sceptrorum
368 3471 474 3532 auctore]
493 3471 548 3520 ‘the
563 3470 632 3535 givet
643 3470 673 3519 ot'
741 3471 795 3534 586.
826 3477 923 3536 poteras
941 3487 991 3519 non
1002 3470 1114 3532 stertere]
1135 3476 1193 3535 ‘you
1209 3467 1240 3529 mi

84 3536 303 3667 hrsqueprppykorl]
320 3605 362 3649 ‘to
373 3599 488 3664 showing
499 3599 571 3650 lear'.
705 3535 1140 3665 Epvyeopreipp‘qquagqopiqllqpnffi}
1153 3537 1240 3651 {pm

119 3671 176 3731 578.
209 3667 261 3727 hec]
282 3668 329 3714 ‘on
340 3666 390 3715 this
402 3666 528 3714 account’.
706 3667 824 3715 Lesbos'.

118 3733 249 3797 impatiens
258 3730 340 3791 deesse]
358 3732 421 3779 ‘less
432 3731 489 3780 able
501 3739 527 3779 to
538 3731 630 3805 endure
642 3739 669 3780 to
741 3736 795 3794 587·
831 3730 892 3791 alio]
904 3730 947 3779 i.e.
960 3737 986 3779 to
996 3730 1105 3790 Lesbos,
1118 3740 1146 3781 to
1156 3748 1172 3780 a
1181 3729 1240 3803 differ

85 3799 160 3863 quit':
190 3798 228 3846 for
245 3797 287 3846 the
306 3797 473 3844 construction
495 3795 528 3845 ci.
547 3797 592 3870 Sil.
611 3796 668 3844 Ital.
707 3797 778 3860 place
798 3797 860 3845 srom
879 3796 932 3844 that
950 3797 1062 3845 towards
1079 3797 1165 3846 which
1181 3811 1240 3860 you⁴

86 3876 114 3912 xl
129 3866 161 3928 98
177 3863 308 3926 impatiens
322 3862 390 3909 ultra
402 3862 498 3925 gemitu
511 3860 615 3909 cohibere
623 3868 669 3924 ju·
707 3862 809 3920 started,
823 3861 854 3936 cf.
867 3860 915 3923 640
927 3861 983 3909 infr.

84 3944 174 4055 rorgdd:
210 3992 281 4054 longe
300 4007 313 4040 e
334 3991 479 4040 litore...exs
494 3991 576 4051 ectate]
603 3998 668 4039 must
706 3929 797 4041 evelid?
831 3942 860 3975 m
880 3924 989 3989 fimus]
1015 3935 1046 3976 to
1068 3927 1103 3976 be
1132 3926 1207 3977 taken
1229 3940 1240 3973 1

84 4074 159 4107 mean
173 4058 245 4105 ‘uait
263 4057 300 4105 lor
313 4057 356 4106 the
373 4072 440 4104 news
456 3998 566 4104 opWhat
581 4056 669 4105 belalls
740 4071 797 4169 531.
830 4056 939 4104 mitunito
950 4054 1029 4116 metu]
1046 4072 1081 4106 sc.
1094 4057 1208 4107 adtonita
1218 4071 1240 4103 ιιι

85 4138 126 4172 me
144 4132 170 4171 to
192 4122 265 4171 reach
288 4138 336 4184 you
360 4122 422 4170 from
441 4121 483 4170 the
501 4121 574 4170 shore
593 4121 665 4169 asar'.
707 4122 748 4171 Ou
769 4120 1240 4188 .cs.Sil.ltel.11113r‚132aegm

86 4188 154 4236 Oud.
164 4188 223 4235 with
235 4204 304 4236 some
312 4188 389 4236 MSS.
399 4187 470 4235 reads
481 4202 497 4233 a
508 4187 578 4235 litore
586 4186 668 4234 which
705 4188 791 4235 leuare
800 4187 918 4234 adtonitis
929 4193 1035 4234 mentem
1047 4189 1124 4236 curis.

86 4253 167 4300 would
180 4253 212 4301 be
223 4253 333 4327 simpler,
348 4253 388 4301 i.e.
405 4251 593 4300 ‘atadistance
604 4250 668 4335 {rom
740 4268 794 4327 593.
830 4251 867 4299 eui
883 4250 963 4326 'ducis
988 4253 1124 4314 mlum]
1151 4259 1240 4318 exspect

85 4316 667 4445 ¹¹¹⁶,tlf'tltttssfittl{trititiam
706 4317 919 4432 lllll⁰¹¹¹¹³²¹¹¹⁵
936 4324 979 4365 ²¹⁸
998 4325 1130 4380 ¹²²¹‘¹‘“¹‘
1146 4328 1189 4368 ‘¹¹‘
1204 4332 1240 4382 ²³¹
