<?xml version="1.0" encoding="UTF-8"?>
<!DOCTYPE html PUBLIC "-//W3C//DTD XHTML 1.0 Transitional//EN"
    "http://www.w3.org/TR/xhtml1/DTD/xhtml1-transitional.dtd">
<html xmlns="http://www.w3.org/1999/xhtml" xml:lang="en" lang="en">
 <head>
  <title>
</title>
<meta http-equiv="Content-Type" content="text/html;charset=utf-8" />
  <meta name='ocr-system' content='tesseract 3.04.00' />
  <meta name='ocr-capabilities' content='ocr_page ocr_carea ocr_par ocr_line ocrx_word'/>
</head>
<body>
  <div class='ocr_page' id='page_1' title='image "./mannaeilucaniph00haskgoog_0397.png"; bbox 0 0 2782 5286; ppageno 0'>
   <div class='ocr_carea' id='block_1_1' title="bbox 160 727 1034 830">
    <p class='ocr_par' dir='ltr' id='par_1_1' title="bbox 160 727 1034 830">
     <span class='ocr_line' id='line_1_1' title="bbox 160 727 1034 830; baseline 0.007 -19"><span class='ocrx_word' id='word_1_1' title='bbox 160 727 223 830; x_wconf 79' lang='lat'><strong>2&#39;58</strong></span> <span class='ocrx_word' id='word_1_2' title='bbox 498 749 684 815; x_wconf 73' lang='lat' dir='ltr'>Lucnru</span> <span class='ocrx_word' id='word_1_3' title='bbox 716 750 1034 817; x_wconf 73' lang='lat' dir='ltr'>eunusnumu</span> 
     </span>
    </p>
   </div>
   <div class='ocr_carea' id='block_1_2' title="bbox 242 913 1286 3308">
    <p class='ocr_par' dir='ltr' id='par_1_2' title="bbox 242 913 1286 3308">
     <span class='ocr_line' id='line_1_2' title="bbox 290 913 1132 996; baseline 0.005 -20"><span class='ocrx_word' id='word_1_4' title='bbox 290 913 493 996; x_wconf 84' lang='lat' dir='ltr'>impendisse</span> <span class='ocrx_word' id='word_1_5' title='bbox 514 915 619 996; x_wconf 90' lang='lat' dir='ltr'>pudet</span> <span class='ocrx_word' id='word_1_6' title='bbox 643 913 797 977; x_wconf 84' lang='lat' dir='ltr'>lacrimas</span> <span class='ocrx_word' id='word_1_7' title='bbox 819 914 852 977; x_wconf 94' lang='lat' dir='ltr'>in</span> <span class='ocrx_word' id='word_1_8' title='bbox 877 914 992 978; x_wconf 83' lang='lat' dir='ltr'>sunere</span> <span class='ocrx_word' id='word_1_9' title='bbox 1013 916 1132 981; x_wconf 92' lang='lat' dir='ltr'>mundi</span> 
     </span>
     <span class='ocr_line' id='line_1_3' title="bbox 246 1017 1150 1103; baseline 0.007 -23"><span class='ocrx_word' id='word_1_10' title='bbox 246 1017 408 1081; x_wconf 91' lang='lat' dir='ltr'>mortibus</span> <span class='ocrx_word' id='word_1_11' title='bbox 431 1018 621 1094; x_wconf 88' lang='lat' dir='ltr'>innumeris,</span> <span class='ocrx_word' id='word_1_12' title='bbox 643 1039 682 1081; x_wconf 86' lang='lat' dir='ltr'>ac</span> <span class='ocrx_word' id='word_1_13' title='bbox 705 1017 837 1101; x_wconf 89' lang='lat' dir='ltr'>singula</span> <span class='ocrx_word' id='word_1_14' title='bbox 861 1017 930 1082; x_wconf 84' lang='lat' dir='ltr'>fata</span> <span class='ocrx_word' id='word_1_15' title='bbox 953 1031 1150 1103; x_wconf 86' lang='lat' dir='ltr'>sequentem</span> 
     </span>
     <span class='ocr_line' id='line_1_4' title="bbox 247 1120 1092 1204; baseline 0.005 -20"><span class='ocrx_word' id='word_1_16' title='bbox 247 1142 413 1204; x_wconf 86' lang='lat' dir='ltr'>quaerere,</span> <span class='ocrx_word' id='word_1_17' title='bbox 435 1120 600 1186; x_wconf 85' lang='lat' dir='ltr'>letiferum</span> <span class='ocrx_word' id='word_1_18' title='bbox 624 1142 684 1204; x_wconf 88' lang='lat' dir='ltr'>per</span> <span class='ocrx_word' id='word_1_19' title='bbox 705 1123 799 1185; x_wconf 90' lang='lat' dir='ltr'>cuius</span> <span class='ocrx_word' id='word_1_20' title='bbox 823 1123 950 1186; x_wconf 89' lang='lat' dir='ltr'>uiscera</span> <span class='ocrx_word' id='word_1_21' title='bbox 973 1125 1092 1188; x_wconf 91' lang='lat' dir='ltr'>uolnus</span> 
     </span>
     <span class='ocr_line' id='line_1_5' title="bbox 246 1223 1286 1307; baseline 0.008 -20"><span class='ocrx_word' id='word_1_22' title='bbox 246 1225 384 1304; x_wconf 89' lang='lat' dir='ltr'>exierit;</span> <span class='ocrx_word' id='word_1_23' title='bbox 415 1225 489 1307; x_wconf 93' lang='lat' dir='ltr'>quis</span> <span class='ocrx_word' id='word_1_24' title='bbox 513 1224 586 1289; x_wconf 84' lang='lat' dir='ltr'>fusa</span> <span class='ocrx_word' id='word_1_25' title='bbox 608 1224 680 1287; x_wconf 90' lang='lat' dir='ltr'>solo</span> <span class='ocrx_word' id='word_1_26' title='bbox 703 1223 819 1289; x_wconf 89' lang='lat' dir='ltr'>uitalia</span> <span class='ocrx_word' id='word_1_27' title='bbox 841 1224 968 1302; x_wconf 91' lang='lat' dir='ltr'>calcet;</span> <span class='ocrx_word' id='word_1_28' title='bbox 1218 1232 1286 1296; x_wconf 84' lang='lat'>620</span> 
     </span>
     <span class='ocr_line' id='line_1_6' title="bbox 246 1329 1009 1412; baseline 0.003 -21"><span class='ocrx_word' id='word_1_29' title='bbox 246 1349 303 1392; x_wconf 91' lang='lat' dir='ltr'>ore</span> <span class='ocrx_word' id='word_1_30' title='bbox 325 1330 399 1412; x_wconf 92' lang='lat' dir='ltr'>quis</span> <span class='ocrx_word' id='word_1_31' title='bbox 421 1329 563 1393; x_wconf 90' lang='lat' dir='ltr'>aduerso</span> <span class='ocrx_word' id='word_1_32' title='bbox 585 1331 732 1393; x_wconf 91' lang='lat' dir='ltr'>demisso</span> <span class='ocrx_word' id='word_1_33' title='bbox 755 1329 907 1394; x_wconf 85' lang='lat' dir='ltr'>saucibus</span> <span class='ocrx_word' id='word_1_34' title='bbox 930 1351 1009 1394; x_wconf 89' lang='lat' dir='ltr'>ense</span> 
     </span>
     <span class='ocr_line' id='line_1_7' title="bbox 245 1432 1121 1518; baseline 0.005 -22"><span class='ocrx_word' id='word_1_35' title='bbox 245 1432 411 1516; x_wconf 84' lang='lat' dir='ltr'>expulerit</span> <span class='ocrx_word' id='word_1_36' title='bbox 433 1436 577 1498; x_wconf 87' lang='lat' dir='ltr'>moriens</span> <span class='ocrx_word' id='word_1_37' title='bbox 600 1436 746 1499; x_wconf 93' lang='lat' dir='ltr'>animam</span> <span class='ocrx_word' id='word_1_38' title='bbox 758 1459 766 1514; x_wconf 94' lang='lat'>;</span> <span class='ocrx_word' id='word_1_39' title='bbox 794 1436 867 1518; x_wconf 90' lang='lat' dir='ltr'>quis</span> <span class='ocrx_word' id='word_1_40' title='bbox 890 1446 1022 1500; x_wconf 86' lang='lat' dir='ltr'>corruat</span> <span class='ocrx_word' id='word_1_41' title='bbox 1044 1437 1121 1512; x_wconf 88' lang='lat' dir='ltr'>ictu,</span> 
     </span>
     <span class='ocr_line' id='line_1_8' title="bbox 246 1539 1280 1623; baseline 0.006 -23"><span class='ocrx_word' id='word_1_42' title='bbox 246 1539 320 1620; x_wconf 90' lang='lat' dir='ltr'>quis</span> <span class='ocrx_word' id='word_1_43' title='bbox 343 1541 479 1617; x_wconf 82' lang='lat' dir='ltr'>steterit,</span> <span class='ocrx_word' id='word_1_44' title='bbox 502 1541 583 1603; x_wconf 91' lang='lat' dir='ltr'>dum</span> <span class='ocrx_word' id='word_1_45' title='bbox 608 1541 758 1604; x_wconf 89' lang='lat' dir='ltr'>membra</span> <span class='ocrx_word' id='word_1_46' title='bbox 780 1542 925 1613; x_wconf 85' lang='lat' dir='ltr'>cadunt:</span> <span class='ocrx_word' id='word_1_47' title='bbox 955 1541 1028 1622; x_wconf 91' lang='lat' dir='ltr'>quis</span> <span class='ocrx_word' id='word_1_48' title='bbox 1051 1551 1188 1623; x_wconf 87' lang='lat' dir='ltr'>pectore</span> <span class='ocrx_word' id='word_1_49' title='bbox 1211 1542 1280 1606; x_wconf 90' lang='lat' dir='ltr'>tela</span> 
     </span>
     <span class='ocr_line' id='line_1_9' title="bbox 245 1642 1098 1727; baseline 0.005 -24"><span class='ocrx_word' id='word_1_50' title='bbox 245 1643 460 1719; x_wconf 86' lang='lat' dir='ltr'>transmittat,</span> <span class='ocrx_word' id='word_1_51' title='bbox 482 1643 535 1707; x_wconf 91' lang='lat' dir='ltr'>uel</span> <span class='ocrx_word' id='word_1_52' title='bbox 558 1665 643 1727; x_wconf 89' lang='lat' dir='ltr'>quos</span> <span class='ocrx_word' id='word_1_53' title='bbox 666 1645 793 1727; x_wconf 88' lang='lat' dir='ltr'>campis</span> <span class='ocrx_word' id='word_1_54' title='bbox 816 1644 961 1707; x_wconf 87' lang='lat' dir='ltr'>affixerit</span> <span class='ocrx_word' id='word_1_55' title='bbox 983 1642 1098 1707; x_wconf 88' lang='lat' dir='ltr'>hasta:</span> 
     </span>
     <span class='ocr_line' id='line_1_10' title="bbox 246 1745 1280 1830; baseline 0.006 -24"><span class='ocrx_word' id='word_1_56' title='bbox 246 1745 319 1826; x_wconf 89' lang='lat' dir='ltr'>quis</span> <span class='ocrx_word' id='word_1_57' title='bbox 342 1766 438 1810; x_wconf 89' lang='lat' dir='ltr'>cruor</span> <span class='ocrx_word' id='word_1_58' title='bbox 460 1748 600 1811; x_wconf 90' lang='lat' dir='ltr'>emissus</span> <span class='ocrx_word' id='word_1_59' title='bbox 623 1749 809 1830; x_wconf 90' lang='lat' dir='ltr'>perruperit</span> <span class='ocrx_word' id='word_1_60' title='bbox 832 1767 910 1811; x_wconf 87' lang='lat' dir='ltr'>aera</span> <span class='ocrx_word' id='word_1_61' title='bbox 932 1747 1026 1810; x_wconf 90' lang='lat' dir='ltr'>uenis</span> <span class='ocrx_word' id='word_1_62' title='bbox 1216 1749 1280 1828; x_wconf 82' lang='lat'>625</span> 
     </span>
     <span class='ocr_line' id='line_1_11' title="bbox 246 1845 1201 1935; baseline 0.004 -23"><span class='ocrx_word' id='word_1_63' title='bbox 246 1851 345 1931; x_wconf 91' lang='lat' dir='ltr'>inque</span> <span class='ocrx_word' id='word_1_64' title='bbox 367 1851 471 1915; x_wconf 89' lang='lat' dir='ltr'>hostis</span> <span class='ocrx_word' id='word_1_65' title='bbox 494 1853 593 1916; x_wconf 87' lang='lat' dir='ltr'>cadat</span> <span class='ocrx_word' id='word_1_66' title='bbox 616 1873 709 1916; x_wconf 90' lang='lat' dir='ltr'>arma</span> <span class='ocrx_word' id='word_1_67' title='bbox 732 1853 802 1916; x_wconf 92' lang='lat' dir='ltr'>sui:</span> <span class='ocrx_word' id='word_1_68' title='bbox 833 1854 908 1935; x_wconf 91' lang='lat' dir='ltr'>quis</span> <span class='ocrx_word' id='word_1_69' title='bbox 930 1861 1066 1934; x_wconf 89' lang='lat' dir='ltr'>pectora</span> <span class='ocrx_word' id='word_1_70' title='bbox 1091 1845 1201 1916; x_wconf 79' lang='lat' dir='ltr'>fratris</span> 
     </span>
     <span class='ocr_line' id='line_1_12' title="bbox 245 1954 1107 2039; baseline 0.003 -23"><span class='ocrx_word' id='word_1_71' title='bbox 245 1954 372 2030; x_wconf 88' lang='lat' dir='ltr'>caedat,</span> <span class='ocrx_word' id='word_1_72' title='bbox 394 1964 437 2030; x_wconf 92' lang='lat' dir='ltr'>et,</span> <span class='ocrx_word' id='word_1_73' title='bbox 460 1965 497 2019; x_wconf 89' lang='lat' dir='ltr'>ut</span> <span class='ocrx_word' id='word_1_74' title='bbox 520 1964 637 2020; x_wconf 91' lang='lat' dir='ltr'>notum</span> <span class='ocrx_word' id='word_1_75' title='bbox 660 1957 766 2038; x_wconf 91' lang='lat' dir='ltr'>possit</span> <span class='ocrx_word' id='word_1_76' title='bbox 789 1956 933 2039; x_wconf 88' lang='lat' dir='ltr'>spoliare</span> <span class='ocrx_word' id='word_1_77' title='bbox 955 1957 1107 2029; x_wconf 89' lang='lat' dir='ltr'>cadauer,</span> 
     </span>
     <span class='ocr_line' id='line_1_13' title="bbox 245 2060 1074 2144; baseline 0.001 -23"><span class='ocrx_word' id='word_1_78' title='bbox 245 2060 410 2123; x_wconf 89' lang='lat' dir='ltr'>abscisum</span> <span class='ocrx_word' id='word_1_79' title='bbox 435 2060 535 2144; x_wconf 91' lang='lat' dir='ltr'>longe</span> <span class='ocrx_word' id='word_1_80' title='bbox 558 2062 672 2125; x_wconf 88' lang='lat' dir='ltr'>mittat</span> <span class='ocrx_word' id='word_1_81' title='bbox 695 2071 815 2144; x_wconf 86' lang='lat' dir='ltr'>caput:</span> <span class='ocrx_word' id='word_1_82' title='bbox 846 2081 903 2124; x_wconf 92' lang='lat' dir='ltr'>ora</span> <span class='ocrx_word' id='word_1_83' title='bbox 927 2060 1074 2143; x_wconf 90' lang='lat' dir='ltr'>parentis</span> 
     </span>
     <span class='ocr_line' id='line_1_14' title="bbox 244 2162 1282 2247; baseline 0.002 -22"><span class='ocrx_word' id='word_1_84' title='bbox 244 2164 318 2244; x_wconf 92' lang='lat' dir='ltr'>quis</span> <span class='ocrx_word' id='word_1_85' title='bbox 340 2162 469 2240; x_wconf 90' lang='lat' dir='ltr'>laceret,</span> <span class='ocrx_word' id='word_1_86' title='bbox 493 2164 660 2247; x_wconf 91' lang='lat' dir='ltr'>nimiaque</span> <span class='ocrx_word' id='word_1_87' title='bbox 683 2165 802 2247; x_wconf 88' lang='lat' dir='ltr'>probet</span> <span class='ocrx_word' id='word_1_88' title='bbox 824 2164 1053 2246; x_wconf 88' lang='lat' dir='ltr'>spectantibus</span> <span class='ocrx_word' id='word_1_89' title='bbox 1076 2163 1134 2239; x_wconf 85' lang='lat' dir='ltr'>ira,</span> <span class='ocrx_word' id='word_1_90' title='bbox 1216 2165 1282 2244; x_wconf 85' lang='lat'>629</span> 
     </span>
     <span class='ocr_line' id='line_1_15' title="bbox 245 2267 1253 2353; baseline 0.001 -23"><span class='ocrx_word' id='word_1_91' title='bbox 245 2287 344 2350; x_wconf 90' lang='lat' dir='ltr'>quem</span> <span class='ocrx_word' id='word_1_92' title='bbox 368 2269 496 2352; x_wconf 90' lang='lat' dir='ltr'>iugulat</span> <span class='ocrx_word' id='word_1_93' title='bbox 518 2291 586 2334; x_wconf 91' lang='lat' dir='ltr'>non</span> <span class='ocrx_word' id='word_1_94' title='bbox 609 2291 682 2335; x_wconf 89' lang='lat' dir='ltr'>esse</span> <span class='ocrx_word' id='word_1_95' title='bbox 705 2279 844 2353; x_wconf 89' lang='lat' dir='ltr'>patrem.</span> <span class='ocrx_word' id='word_1_96' title='bbox 891 2289 979 2332; x_wconf 90' lang='lat' dir='ltr'>mors</span> <span class='ocrx_word' id='word_1_97' title='bbox 1003 2267 1093 2331; x_wconf 87' lang='lat' dir='ltr'>nulla</span> <span class='ocrx_word' id='word_1_98' title='bbox 1116 2267 1253 2350; x_wconf 90' lang='lat' dir='ltr'>querela</span> 
     </span>
     <span class='ocr_line' id='line_1_16' title="bbox 246 2372 1238 2457; baseline 0.004 -23"><span class='ocrx_word' id='word_1_99' title='bbox 246 2372 347 2456; x_wconf 90' lang='lat' dir='ltr'>digna</span> <span class='ocrx_word' id='word_1_100' title='bbox 370 2394 430 2436; x_wconf 90' lang='lat' dir='ltr'>sua</span> <span class='ocrx_word' id='word_1_101' title='bbox 453 2383 519 2450; x_wconf 71' lang='lat' dir='ltr'>est„</span> <span class='ocrx_word' id='word_1_102' title='bbox 535 2374 711 2457; x_wconf 92' lang='lat' dir='ltr'>nullosque</span> <span class='ocrx_word' id='word_1_103' title='bbox 733 2374 907 2438; x_wconf 91' lang='lat' dir='ltr'>hominum</span> <span class='ocrx_word' id='word_1_104' title='bbox 931 2372 1045 2456; x_wconf 89' lang='lat' dir='ltr'>lugere</span> <span class='ocrx_word' id='word_1_105' title='bbox 1067 2394 1238 2438; x_wconf 81' lang='lat' dir='ltr'>uacamus</span> 
     </span>
     <span class='ocr_line' id='line_1_17' title="bbox 245 2476 1037 2561; baseline 0.003 -24"><span class='ocrx_word' id='word_1_106' title='bbox 245 2496 311 2538; x_wconf 93' lang='lat' dir='ltr'>non</span> <span class='ocrx_word' id='word_1_107' title='bbox 335 2477 415 2539; x_wconf 89' lang='lat' dir='ltr'>istas</span> <span class='ocrx_word' id='word_1_108' title='bbox 437 2476 554 2540; x_wconf 88' lang='lat' dir='ltr'>habuit</span> <span class='ocrx_word' id='word_1_109' title='bbox 577 2498 710 2561; x_wconf 85' lang='lat' dir='ltr'>pugnae</span> <span class='ocrx_word' id='word_1_110' title='bbox 734 2477 903 2541; x_wconf 90' lang='lat' dir='ltr'>Pharsalia</span> <span class='ocrx_word' id='word_1_111' title='bbox 926 2487 1037 2559; x_wconf 91' lang='lat' dir='ltr'>partes</span> 
     </span>
     <span class='ocr_line' id='line_1_18' title="bbox 245 2581 1039 2665; baseline 0.004 -24"><span class='ocrx_word' id='word_1_112' title='bbox 245 2600 327 2661; x_wconf 88' lang='lat' dir='ltr'>quas</span> <span class='ocrx_word' id='word_1_113' title='bbox 351 2581 436 2644; x_wconf 89' lang='lat' dir='ltr'>aliae</span> <span class='ocrx_word' id='word_1_114' title='bbox 459 2581 590 2646; x_wconf 85' lang='lat' dir='ltr'>clades:</span> <span class='ocrx_word' id='word_1_115' title='bbox 622 2583 687 2646; x_wconf 90' lang='lat' dir='ltr'>illic</span> <span class='ocrx_word' id='word_1_116' title='bbox 711 2604 770 2665; x_wconf 89' lang='lat' dir='ltr'>per</span> <span class='ocrx_word' id='word_1_117' title='bbox 792 2583 861 2646; x_wconf 84' lang='lat' dir='ltr'>sata</span> <span class='ocrx_word' id='word_1_118' title='bbox 885 2584 1039 2658; x_wconf 89' lang='lat' dir='ltr'>uirorum,</span> 
     </span>
     <span class='ocr_line' id='line_1_19' title="bbox 245 2684 1169 2771; baseline 0.004 -25"><span class='ocrx_word' id='word_1_119' title='bbox 245 2705 305 2766; x_wconf 90' lang='lat' dir='ltr'>per</span> <span class='ocrx_word' id='word_1_120' title='bbox 327 2685 470 2768; x_wconf 92' lang='lat' dir='ltr'>populos</span> <span class='ocrx_word' id='word_1_121' title='bbox 492 2687 546 2750; x_wconf 91' lang='lat' dir='ltr'>hic</span> <span class='ocrx_word' id='word_1_122' title='bbox 570 2689 680 2751; x_wconf 89' lang='lat' dir='ltr'>Roma</span> <span class='ocrx_word' id='word_1_123' title='bbox 704 2688 808 2771; x_wconf 86' lang='lat' dir='ltr'>perit:</span> <span class='ocrx_word' id='word_1_124' title='bbox 843 2707 929 2770; x_wconf 91' lang='lat' dir='ltr'>quae</span> <span class='ocrx_word' id='word_1_125' title='bbox 953 2686 1068 2749; x_wconf 92' lang='lat' dir='ltr'>militis</span> <span class='ocrx_word' id='word_1_126' title='bbox 1091 2684 1169 2764; x_wconf 91' lang='lat' dir='ltr'>illic,</span> 
     </span>
     <span class='ocr_line' id='line_1_20' title="bbox 244 2788 1271 2874; baseline 0.004 -23"><span class='ocrx_word' id='word_1_127' title='bbox 244 2809 333 2852; x_wconf 90' lang='lat' dir='ltr'>mors</span> <span class='ocrx_word' id='word_1_128' title='bbox 355 2789 408 2853; x_wconf 94' lang='lat' dir='ltr'>hic</span> <span class='ocrx_word' id='word_1_129' title='bbox 431 2791 540 2873; x_wconf 89' lang='lat' dir='ltr'>gentis</span> <span class='ocrx_word' id='word_1_130' title='bbox 563 2801 651 2855; x_wconf 92' lang='lat' dir='ltr'>erat:</span> <span class='ocrx_word' id='word_1_131' title='bbox 682 2793 815 2874; x_wconf 90' lang='lat' dir='ltr'>sanguis</span> <span class='ocrx_word' id='word_1_132' title='bbox 839 2791 883 2854; x_wconf 91' lang='lat' dir='ltr'>ibi</span> <span class='ocrx_word' id='word_1_133' title='bbox 908 2790 1006 2853; x_wconf 87' lang='lat' dir='ltr'>fluxit</span> <span class='ocrx_word' id='word_1_134' title='bbox 1029 2788 1200 2869; x_wconf 86' lang='lat' dir='ltr'>Achaeus,</span> <span class='ocrx_word' id='word_1_135' title='bbox 1215 2791 1271 2872; x_wconf 84' lang='lat'>635</span> 
     </span>
     <span class='ocr_line' id='line_1_21' title="bbox 244 2893 1094 2977; baseline 0.004 -22"><span class='ocrx_word' id='word_1_136' title='bbox 244 2893 410 2970; x_wconf 90' lang='lat' dir='ltr'>Ponticus,</span> <span class='ocrx_word' id='word_1_137' title='bbox 433 2895 612 2977; x_wconf 89' lang='lat' dir='ltr'>Assyrius:</span> <span class='ocrx_word' id='word_1_138' title='bbox 644 2906 780 2960; x_wconf 88' lang='lat' dir='ltr'>cunctos</span> <span class='ocrx_word' id='word_1_139' title='bbox 803 2897 938 2959; x_wconf 89' lang='lat' dir='ltr'>haerere</span> <span class='ocrx_word' id='word_1_140' title='bbox 961 2915 1094 2959; x_wconf 88' lang='lat' dir='ltr'>cruores</span> 
     </span>
     <span class='ocr_line' id='line_1_22' title="bbox 244 2999 1109 3083; baseline 0.001 -22"><span class='ocrx_word' id='word_1_141' title='bbox 244 2999 417 3062; x_wconf 87' lang='lat' dir='ltr'>Romanus</span> <span class='ocrx_word' id='word_1_142' title='bbox 439 3001 632 3083; x_wconf 88' lang='lat' dir='ltr'>campisque</span> <span class='ocrx_word' id='word_1_143' title='bbox 655 3011 748 3065; x_wconf 88' lang='lat' dir='ltr'>uetat</span> <span class='ocrx_word' id='word_1_144' title='bbox 770 3001 950 3064; x_wconf 88' lang='lat' dir='ltr'>consistere</span> <span class='ocrx_word' id='word_1_145' title='bbox 973 3009 1109 3063; x_wconf 89' lang='lat' dir='ltr'>torrens.</span> 
     </span>
     <span class='ocr_line' id='line_1_23' title="bbox 244 3102 1220 3187; baseline 0.004 -23"><span class='ocrx_word' id='word_1_146' title='bbox 244 3103 349 3165; x_wconf 88' lang='lat' dir='ltr'>maius</span> <span class='ocrx_word' id='word_1_147' title='bbox 372 3103 415 3166; x_wconf 92' lang='lat' dir='ltr'>ab</span> <span class='ocrx_word' id='word_1_148' title='bbox 438 3103 500 3166; x_wconf 93' lang='lat' dir='ltr'>hac</span> <span class='ocrx_word' id='word_1_149' title='bbox 524 3106 594 3167; x_wconf 89' lang='lat' dir='ltr'>acie</span> <span class='ocrx_word' id='word_1_150' title='bbox 617 3126 719 3187; x_wconf 90' lang='lat' dir='ltr'>quam</span> <span class='ocrx_word' id='word_1_151' title='bbox 742 3106 833 3187; x_wconf 93' lang='lat' dir='ltr'>quod</span> <span class='ocrx_word' id='word_1_152' title='bbox 857 3126 917 3167; x_wconf 91' lang='lat' dir='ltr'>sua</span> <span class='ocrx_word' id='word_1_153' title='bbox 940 3102 1072 3167; x_wconf 88' lang='lat' dir='ltr'>saecula</span> <span class='ocrx_word' id='word_1_154' title='bbox 1096 3103 1220 3168; x_wconf 86' lang='lat' dir='ltr'>ferrent</span> 
     </span>
     <span class='ocr_line' id='line_1_24' title="bbox 242 3206 1248 3308; baseline 0.004 -39"><span class='ocrx_word' id='word_1_155' title='bbox 242 3206 362 3308; x_wconf 71' lang='lat' dir='ltr'>uolnus</span> <span class='ocrx_word' id='word_1_156' title='bbox 385 3207 511 3271; x_wconf 88' lang='lat' dir='ltr'>habent</span> <span class='ocrx_word' id='word_1_157' title='bbox 534 3208 670 3291; x_wconf 93' lang='lat' dir='ltr'>populi:</span> <span class='ocrx_word' id='word_1_158' title='bbox 699 3209 775 3291; x_wconf 92' lang='lat' dir='ltr'>plus</span> <span class='ocrx_word' id='word_1_159' title='bbox 799 3219 849 3273; x_wconf 89' lang='lat' dir='ltr'>est</span> <span class='ocrx_word' id='word_1_160' title='bbox 872 3230 973 3291; x_wconf 92' lang='lat' dir='ltr'>quam</span> <span class='ocrx_word' id='word_1_161' title='bbox 997 3210 1068 3272; x_wconf 92' lang='lat' dir='ltr'>uita</span> <span class='ocrx_word' id='word_1_162' title='bbox 1091 3209 1248 3293; x_wconf 90' lang='lat' dir='ltr'>salusque</span> 
     </span>
    </p>
   </div>
   <div class='ocr_carea' id='block_1_3' title="bbox 141 3479 1383 4920">
    <p class='ocr_par' dir='ltr' id='par_1_3' title="bbox 152 3479 1383 3741">
     <span class='ocr_line' id='line_1_25' title="bbox 186 3479 1340 3545; baseline 0.002 -16"><span class='ocrx_word' id='word_1_163' title='bbox 186 3480 241 3542; x_wconf 86' lang='lat'>617.</span> <span class='ocrx_word' id='word_1_164' title='bbox 267 3480 296 3528; x_wconf 83' lang='lat' dir='ltr'>in</span> <span class='ocrx_word' id='word_1_165' title='bbox 298 3480 498 3544; x_wconf 77' lang='lat' dir='ltr'>funeremuudr]</span> <span class='ocrx_word' id='word_1_166' title='bbox 511 3481 596 3530; x_wconf 86' lang='lat' dir='ltr'>‘when</span> <span class='ocrx_word' id='word_1_167' title='bbox 606 3482 648 3531; x_wconf 89' lang='lat' dir='ltr'>the</span> <span class='ocrx_word' id='word_1_168' title='bbox 658 3482 735 3532; x_wconf 89' lang='lat' dir='ltr'>world</span> <span class='ocrx_word' id='word_1_169' title='bbox 807 3481 864 3532; x_wconf 77' lang='lat'><strong>⁶2⁶.</strong></span> <span class='ocrx_word' id='word_1_170' title='bbox 899 3482 975 3545; x_wconf 80' lang='lat' dir='ltr'>inque</span> <span class='ocrx_word' id='word_1_171' title='bbox 991 3479 1340 3542; x_wconf 75' lang='lat' dir='ltr'>hosticht&#39;.Lueret.1v1045</span> 
     </span>
     <span class='ocr_line' id='line_1_26' title="bbox 152 3543 1383 3612; baseline 0.002 -18"><span class='ocrx_word' id='word_1_172' title='bbox 152 3543 331 3610; x_wconf 88' lang='lat' dir='ltr'>isperishing’.</span> <span class='ocrx_word' id='word_1_173' title='bbox 775 3563 871 3610; x_wconf 82' lang='lat'>--1047</span> <span class='ocrx_word' id='word_1_174' title='bbox 889 3563 996 3610; x_wconf 82' lang='lat' dir='ltr'>namque</span> <span class='ocrx_word' id='word_1_175' title='bbox 1009 3562 1092 3595; x_wconf 79' lang='lat' dir='ltr'>omnes</span> <span class='ocrx_word' id='word_1_176' title='bbox 1103 3547 1252 3612; x_wconf 79' lang='lat' dir='ltr'>plerumque</span> <span class='ocrx_word' id='word_1_177' title='bbox 1267 3546 1343 3596; x_wconf 70' lang='lat' dir='ltr'>cadunt</span> <span class='ocrx_word' id='word_1_178' title='bbox 1381 3592 1383 3597; x_wconf 80' lang='grc'>,</span> 
     </span>
     <span class='ocr_line' id='line_1_27' title="bbox 186 3609 1342 3677; baseline 0.003 -18"><span class='ocrx_word' id='word_1_179' title='bbox 186 3609 242 3660; x_wconf 77' lang='lat'><strong>620.</strong></span> <span class='ocrx_word' id='word_1_180' title='bbox 277 3611 414 3674; x_wconf 77' lang='lat' dir='ltr'>quirsusa]</span> <span class='ocrx_word' id='word_1_181' title='bbox 434 3611 505 3661; x_wconf 87' lang='lat' dir='ltr'>‘who</span> <span class='ocrx_word' id='word_1_182' title='bbox 520 3614 603 3662; x_wconf 86' lang='lat' dir='ltr'>treads</span> <span class='ocrx_word' id='word_1_183' title='bbox 614 3629 682 3676; x_wconf 91' lang='lat' dir='ltr'>upon</span> <span class='ocrx_word' id='word_1_184' title='bbox 697 3613 736 3662; x_wconf 87' lang='lat' dir='ltr'>his</span> <span class='ocrx_word' id='word_1_185' title='bbox 775 3614 804 3661; x_wconf 78' lang='lat' dir='ltr'>e&#39;n</span> <span class='ocrx_word' id='word_1_186' title='bbox 819 3615 910 3662; x_wconf 83' lang='lat' dir='ltr'>uolnus</span> <span class='ocrx_word' id='word_1_187' title='bbox 926 3619 950 3661; x_wconf 81' lang='lat' dir='ltr'>et</span> <span class='ocrx_word' id='word_1_188' title='bbox 960 3613 1032 3660; x_wconf 81' lang='lat' dir='ltr'>illam</span> <span class='ocrx_word' id='word_1_189' title='bbox 1046 3613 1135 3661; x_wconf 79' lang='lat' dir='ltr'>emicat</span> <span class='ocrx_word' id='word_1_190' title='bbox 1149 3614 1179 3661; x_wconf 78' lang='lat' dir='ltr'>in</span> <span class='ocrx_word' id='word_1_191' title='bbox 1191 3620 1342 3677; x_wconf 68' lang='lat' dir='ltr'>porterum</span> 
     </span>
     <span class='ocr_line' id='line_1_28' title="bbox 152 3676 1344 3741; baseline 0.001 -17"><span class='ocrx_word' id='word_1_192' title='bbox 152 3676 225 3725; x_wconf 84' lang='lat' dir='ltr'>vitals</span> <span class='ocrx_word' id='word_1_193' title='bbox 236 3676 337 3740; x_wconf 90' lang='lat' dir='ltr'>trailing</span> <span class='ocrx_word' id='word_1_194' title='bbox 347 3691 380 3724; x_wconf 93' lang='lat' dir='ltr'>on</span> <span class='ocrx_word' id='word_1_195' title='bbox 392 3677 434 3725; x_wconf 90' lang='lat' dir='ltr'>the</span> <span class='ocrx_word' id='word_1_196' title='bbox 445 3677 562 3741; x_wconf 85' lang='lat' dir='ltr'>ground&#39;.</span> <span class='ocrx_word' id='word_1_197' title='bbox 770 3679 829 3741; x_wconf 79' lang='lat' dir='ltr'>guis</span> <span class='ocrx_word' id='word_1_198' title='bbox 841 3678 907 3727; x_wconf 81' lang='lat' dir='ltr'>unde</span> <span class='ocrx_word' id='word_1_199' title='bbox 917 3678 1012 3726; x_wconf 81' lang='lat' dir='ltr'>icimur</span> <span class='ocrx_word' id='word_1_200' title='bbox 1021 3679 1090 3733; x_wconf 64' lang='grc' dir='ltr'>ἰτέα,-</span> <span class='ocrx_word' id='word_1_201' title='bbox 1107 3685 1130 3726; x_wconf 83' lang='lat' dir='ltr'>et</span> <span class='ocrx_word' id='word_1_202' title='bbox 1143 3679 1169 3726; x_wconf 82' lang='lat' dir='ltr'>si</span> <span class='ocrx_word' id='word_1_203' title='bbox 1181 3679 1312 3727; x_wconf 73' lang='lat' dir='ltr'>ccmmimo</span> <span class='ocrx_word' id='word_1_204' title='bbox 1320 3681 1344 3725; x_wconf 78' lang='lat' dir='ltr'>est</span> 
     </span>
    </p>

    <p class='ocr_par' dir='ltr' id='par_1_4' title="bbox 141 3740 1383 4920">
     <span class='ocr_line' id='line_1_29' title="bbox 185 3740 1146 3808; baseline 0.002 -18"><span class='ocrx_word' id='word_1_205' title='bbox 185 3740 240 3791; x_wconf 83' lang='lat'>621.</span> <span class='ocrx_word' id='word_1_206' title='bbox 275 3758 315 3790; x_wconf 86' lang='lat' dir='ltr'>ore</span> <span class='ocrx_word' id='word_1_207' title='bbox 331 3743 386 3806; x_wconf 84' lang='lat' dir='ltr'>quis</span> <span class='ocrx_word' id='word_1_208' title='bbox 402 3743 513 3802; x_wconf 79' lang='lat' dir='ltr'>aduerso]</span> <span class='ocrx_word' id='word_1_209' title='bbox 531 3744 603 3791; x_wconf 84' lang='lat' dir='ltr'>‘who</span> <span class='ocrx_word' id='word_1_210' title='bbox 619 3744 736 3808; x_wconf 85' lang='lat' dir='ltr'>standing</span> <span class='ocrx_word' id='word_1_211' title='bbox 773 3745 862 3792; x_wconf 82' lang='lat' dir='ltr'>hostem</span> <span class='ocrx_word' id='word_1_212' title='bbox 875 3744 948 3792; x_wconf 78' lang='lat' dir='ltr'>mber</span> <span class='ocrx_word' id='word_1_213' title='bbox 957 3749 1057 3807; x_wconf 77' lang='lat' dir='ltr'>occupat</span> <span class='ocrx_word' id='word_1_214' title='bbox 1067 3759 1146 3792; x_wconf 82' lang='lat' dir='ltr'>umor.</span> 
     </span>
     <span class='ocr_line' id='line_1_30' title="bbox 152 3806 1344 3869; baseline 0.003 -14"><span class='ocrx_word' id='word_1_215' title='bbox 152 3806 206 3856; x_wconf 84' lang='lat' dir='ltr'>lace</span> <span class='ocrx_word' id='word_1_216' title='bbox 227 3814 254 3856; x_wconf 92' lang='lat' dir='ltr'>to</span> <span class='ocrx_word' id='word_1_217' title='bbox 276 3806 330 3856; x_wconf 80' lang='lat' dir='ltr'>sace</span> <span class='ocrx_word' id='word_1_218' title='bbox 352 3807 411 3856; x_wconf 91' lang='lat' dir='ltr'>with</span> <span class='ocrx_word' id='word_1_219' title='bbox 435 3808 477 3857; x_wconf 89' lang='lat' dir='ltr'>the</span> <span class='ocrx_word' id='word_1_220' title='bbox 500 3808 540 3857; x_wconf 83' lang='lat' dir='ltr'>foe</span> <span class='ocrx_word' id='word_1_221' title='bbox 562 3808 667 3858; x_wconf 88' lang='lat' dir='ltr'>exhaled</span> <span class='ocrx_word' id='word_1_222' title='bbox 695 3810 734 3857; x_wconf 90' lang='lat' dir='ltr'>his</span> <span class='ocrx_word' id='word_1_223' title='bbox 806 3808 863 3866; x_wconf 75' lang='lat'><strong>630.</strong></span> <span class='ocrx_word' id='word_1_224' title='bbox 898 3825 963 3857; x_wconf 84' lang='lat' dir='ltr'>mors</span> <span class='ocrx_word' id='word_1_225' title='bbox 980 3808 1064 3869; x_wconf 88' lang='lat' dir='ltr'>nulla]</span> <span class='ocrx_word' id='word_1_226' title='bbox 1089 3810 1137 3857; x_wconf 86' lang='lat' dir='ltr'>‘no</span> <span class='ocrx_word' id='word_1_227' title='bbox 1153 3809 1230 3858; x_wconf 73' lang='lat' dir='ltr'>death</span> <span class='ocrx_word' id='word_1_228' title='bbox 1247 3810 1344 3858; x_wconf 70' lang='lat' dir='ltr'>deservo</span> 
     </span>
     <span class='ocr_line' id='line_1_31' title="bbox 153 3872 1383 3940; baseline 0 -19"><span class='ocrx_word' id='word_1_229' title='bbox 153 3873 248 3929; x_wconf 87' lang='lat' dir='ltr'>breath,</span> <span class='ocrx_word' id='word_1_230' title='bbox 264 3873 336 3922; x_wconf 87' lang='lat' dir='ltr'>when</span> <span class='ocrx_word' id='word_1_231' title='bbox 352 3874 394 3921; x_wconf 87' lang='lat' dir='ltr'>the</span> <span class='ocrx_word' id='word_1_232' title='bbox 410 3874 491 3922; x_wconf 90' lang='lat' dir='ltr'>sword</span> <span class='ocrx_word' id='word_1_233' title='bbox 507 3890 557 3922; x_wconf 84' lang='lat' dir='ltr'>was</span> <span class='ocrx_word' id='word_1_234' title='bbox 572 3875 654 3923; x_wconf 82' lang='lat' dir='ltr'>struck</span> <span class='ocrx_word' id='word_1_235' title='bbox 671 3875 735 3939; x_wconf 89' lang='lat' dir='ltr'>deep</span> <span class='ocrx_word' id='word_1_236' title='bbox 773 3875 963 3924; x_wconf 87' lang='lat' dir='ltr'>alamentation</span> <span class='ocrx_word' id='word_1_237' title='bbox 975 3874 1004 3922; x_wconf 83' lang='lat' dir='ltr'>os</span> <span class='ocrx_word' id='word_1_238' title='bbox 1016 3875 1047 3922; x_wconf 88' lang='lat' dir='ltr'>its</span> <span class='ocrx_word' id='word_1_239' title='bbox 1059 3872 1138 3931; x_wconf 86' lang='lat' dir='ltr'>own’,</span> <span class='ocrx_word' id='word_1_240' title='bbox 1155 3874 1199 3924; x_wconf 86' lang='lat' dir='ltr'>i.e.</span> <span class='ocrx_word' id='word_1_241' title='bbox 1212 3875 1315 3940; x_wconf 67' lang='lat' dir='ltr'>peculini</span> <span class='ocrx_word' id='word_1_242' title='bbox 1323 3881 1343 3922; x_wconf 82' lang='lat' dir='ltr'>to</span> <span class='ocrx_word' id='word_1_243' title='bbox 1381 3902 1383 3930; x_wconf 83' lang='lat'>;</span> 
     </span>
     <span class='ocr_line' id='line_1_32' title="bbox 152 3937 803 3989; baseline 0 -3"><span class='ocrx_word' id='word_1_244' title='bbox 152 3938 206 3986; x_wconf 93' lang='lat' dir='ltr'>into</span> <span class='ocrx_word' id='word_1_245' title='bbox 225 3937 264 3986; x_wconf 91' lang='lat' dir='ltr'>his</span> <span class='ocrx_word' id='word_1_246' title='bbox 283 3937 385 3987; x_wconf 84' lang='lat' dir='ltr'>throat’.</span> <span class='ocrx_word' id='word_1_247' title='bbox 422 3938 489 3988; x_wconf 90' lang='lat' dir='ltr'>Oud.</span> <span class='ocrx_word' id='word_1_248' title='bbox 508 3939 539 3987; x_wconf 86' lang='lat' dir='ltr'>cs.</span> <span class='ocrx_word' id='word_1_249' title='bbox 560 3941 608 3988; x_wconf 89' lang='lat' dir='ltr'>Ov.</span> <span class='ocrx_word' id='word_1_250' title='bbox 629 3941 734 3989; x_wconf 88' lang='lat' dir='ltr'>Heroid.</span> <span class='ocrx_word' id='word_1_251' title='bbox 772 3939 803 3987; x_wconf 90' lang='lat' dir='ltr'>it.</span> 
     </span>
     <span class='ocr_line' id='line_1_33' title="bbox 153 4002 1342 4068; baseline 0.001 -17"><span class='ocrx_word' id='word_1_252' title='bbox 153 4015 203 4052; x_wconf 87' lang='lat' dir='ltr'>x1v</span> <span class='ocrx_word' id='word_1_253' title='bbox 216 4002 266 4065; x_wconf 88' lang='lat'>5‚6</span> <span class='ocrx_word' id='word_1_254' title='bbox 282 4005 348 4067; x_wconf 81' lang='lat' dir='ltr'>quod</span> <span class='ocrx_word' id='word_1_255' title='bbox 361 4020 452 4052; x_wconf 84' lang='lat' dir='ltr'>manus</span> <span class='ocrx_word' id='word_1_256' title='bbox 467 4005 681 4066; x_wconf 62' lang='lat' dir='ltr'>extimm&#39;tingulo</span> <span class='ocrx_word' id='word_1_257' title='bbox 695 4006 733 4054; x_wconf 85' lang='lat' dir='ltr'>de·</span> <span class='ocrx_word' id='word_1_258' title='bbox 805 4005 861 4068; x_wconf 80' lang='lat'>631.</span> <span class='ocrx_word' id='word_1_259' title='bbox 897 4004 1040 4065; x_wconf 79' lang='lat' dir='ltr'>hominum]</span> <span class='ocrx_word' id='word_1_260' title='bbox 1058 4008 1107 4053; x_wconf 86' lang='lat' dir='ltr'>‘no</span> <span class='ocrx_word' id='word_1_261' title='bbox 1124 4004 1294 4065; x_wconf 72' lang='lat' dir='ltr'>individuals’,</span> <span class='ocrx_word' id='word_1_262' title='bbox 1310 4005 1342 4054; x_wconf 76' lang='lat' dir='ltr'>ie·</span> 
     </span>
     <span class='ocr_line' id='line_1_34' title="bbox 152 4069 1341 4136; baseline 0.003 -19"><span class='ocrx_word' id='word_1_263' title='bbox 152 4070 249 4118; x_wconf 81' lang='lat' dir='ltr'>mittere</span> <span class='ocrx_word' id='word_1_264' title='bbox 251 4069 353 4133; x_wconf 85' lang='lat' dir='ltr'>serrum</span> <span class='ocrx_word' id='word_1_265' title='bbox 364 4086 420 4117; x_wconf 86' lang='lat' dir='ltr'>sum</span> <span class='ocrx_word' id='word_1_266' title='bbox 432 4086 482 4118; x_wconf 85' lang='lat' dir='ltr'>rea.</span> <span class='ocrx_word' id='word_1_267' title='bbox 772 4086 809 4118; x_wconf 88' lang='lat' dir='ltr'>we</span> <span class='ocrx_word' id='word_1_268' title='bbox 819 4070 882 4119; x_wconf 85' lang='lat' dir='ltr'>have</span> <span class='ocrx_word' id='word_1_269' title='bbox 892 4085 924 4118; x_wconf 95' lang='lat' dir='ltr'>no</span> <span class='ocrx_word' id='word_1_270' title='bbox 933 4071 993 4119; x_wconf 87' lang='lat' dir='ltr'>time</span> <span class='ocrx_word' id='word_1_271' title='bbox 1005 4069 1043 4119; x_wconf 84' lang='lat' dir='ltr'>ior</span> <span class='ocrx_word' id='word_1_272' title='bbox 1054 4070 1157 4134; x_wconf 82' lang='lat' dir='ltr'>special,</span> <span class='ocrx_word' id='word_1_273' title='bbox 1169 4072 1230 4136; x_wconf 67' lang='lat' dir='ltr'>only¹</span> <span class='ocrx_word' id='word_1_274' title='bbox 1237 4071 1274 4121; x_wconf 83' lang='lat' dir='ltr'>sor</span> <span class='ocrx_word' id='word_1_275' title='bbox 1283 4084 1341 4135; x_wconf 77' lang='lat' dir='ltr'>geut-</span> 
     </span>
     <span class='ocr_line' id='line_1_35' title="bbox 184 4133 960 4199; baseline -0.001 -17"><span class='ocrx_word' id='word_1_276' title='bbox 184 4133 241 4198; x_wconf 80' lang='lat'><strong>623.</strong></span> <span class='ocrx_word' id='word_1_277' title='bbox 275 4134 393 4194; x_wconf 85' lang='lat' dir='ltr'>membra]</span> <span class='ocrx_word' id='word_1_278' title='bbox 411 4135 452 4184; x_wconf 80' lang='lat' dir='ltr'>ie.</span> <span class='ocrx_word' id='word_1_279' title='bbox 467 4134 590 4183; x_wconf 85' lang='lat' dir='ltr'>hisarms.</span> <span class='ocrx_word' id='word_1_280' title='bbox 772 4135 960 4199; x_wconf 83' lang='lat' dir='ltr'>ralmourning.</span> 
     </span>
     <span class='ocr_line' id='line_1_36' title="bbox 183 4199 1340 4265; baseline 0.003 -16"><span class='ocrx_word' id='word_1_281' title='bbox 183 4199 240 4262; x_wconf 80' lang='lat'><strong>624.</strong></span> <span class='ocrx_word' id='word_1_282' title='bbox 275 4200 440 4260; x_wconf 80' lang='lat' dir='ltr'>transmittat]</span> <span class='ocrx_word' id='word_1_283' title='bbox 455 4200 552 4249; x_wconf 85' lang='lat' dir='ltr'>‘allows</span> <span class='ocrx_word' id='word_1_284' title='bbox 564 4200 606 4249; x_wconf 87' lang='lat' dir='ltr'>the</span> <span class='ocrx_word' id='word_1_285' title='bbox 617 4217 734 4265; x_wconf 86' lang='lat' dir='ltr'>weapons</span> <span class='ocrx_word' id='word_1_286' title='bbox 804 4199 862 4262; x_wconf 74' lang='lat'>632.</span> <span class='ocrx_word' id='word_1_287' title='bbox 890 4217 941 4250; x_wconf 83' lang='lat' dir='ltr'>non</span> <span class='ocrx_word' id='word_1_288' title='bbox 953 4201 1023 4262; x_wconf 70' lang='lat' dir='ltr'>istas]</span> <span class='ocrx_word' id='word_1_289' title='bbox 1037 4200 1102 4250; x_wconf 84' lang='lat' dir='ltr'>‘had</span> <span class='ocrx_word' id='word_1_290' title='bbox 1115 4210 1159 4251; x_wconf 92' lang='lat' dir='ltr'>not</span> <span class='ocrx_word' id='word_1_291' title='bbox 1170 4202 1213 4252; x_wconf 90' lang='lat' dir='ltr'>the</span> <span class='ocrx_word' id='word_1_292' title='bbox 1221 4218 1287 4252; x_wconf 87' lang='lat' dir='ltr'>same</span> <span class='ocrx_word' id='word_1_293' title='bbox 1296 4201 1340 4251; x_wconf 72' lang='lat' dir='ltr'>cht-</span> 
     </span>
     <span class='ocr_line' id='line_1_37' title="bbox 151 4264 1026 4330; baseline -0.002 -15"><span class='ocrx_word' id='word_1_294' title='bbox 151 4273 177 4315; x_wconf 92' lang='lat' dir='ltr'>to</span> <span class='ocrx_word' id='word_1_295' title='bbox 189 4281 246 4330; x_wconf 82' lang='lat' dir='ltr'>pass</span> <span class='ocrx_word' id='word_1_296' title='bbox 257 4265 364 4329; x_wconf 85' lang='lat' dir='ltr'>through</span> <span class='ocrx_word' id='word_1_297' title='bbox 376 4265 415 4314; x_wconf 92' lang='lat' dir='ltr'>his</span> <span class='ocrx_word' id='word_1_298' title='bbox 427 4266 507 4315; x_wconf 87' lang='lat' dir='ltr'>breast</span> <span class='ocrx_word' id='word_1_299' title='bbox 515 4264 527 4323; x_wconf 91' lang='lat'>&#39;,</span> <span class='ocrx_word' id='word_1_300' title='bbox 541 4266 572 4314; x_wconf 86' lang='lat' dir='ltr'>cs.</span> <span class='ocrx_word' id='word_1_301' title='bbox 585 4276 643 4316; x_wconf 86' lang='lat' dir='ltr'>note</span> <span class='ocrx_word' id='word_1_302' title='bbox 654 4282 688 4315; x_wconf 90' lang='lat' dir='ltr'>on</span> <span class='ocrx_word' id='word_1_303' title='bbox 701 4278 734 4316; x_wconf 89' lang='lat'>111</span> <span class='ocrx_word' id='word_1_304' title='bbox 772 4275 852 4315; x_wconf 84' lang='lat' dir='ltr'>racter</span> <span class='ocrx_word' id='word_1_305' title='bbox 863 4267 892 4315; x_wconf 83' lang='lat' dir='ltr'>ol</span> <span class='ocrx_word' id='word_1_306' title='bbox 900 4265 1026 4330; x_wconf 83' lang='lat' dir='ltr'>fighting&#39;.</span> 
     </span>
     <span class='ocr_line' id='line_1_38' title="bbox 152 4330 1340 4393; baseline 0.001 -12"><span class='ocrx_word' id='word_1_307' title='bbox 152 4330 207 4381; x_wconf 83' lang='lat'><strong>660.</strong></span> <span class='ocrx_word' id='word_1_308' title='bbox 805 4331 862 4393; x_wconf 80' lang='lat'>636.</span> <span class='ocrx_word' id='word_1_309' title='bbox 895 4332 1003 4393; x_wconf 83' lang='lat' dir='ltr'>cunctos]</span> <span class='ocrx_word' id='word_1_310' title='bbox 1039 4346 1073 4380; x_wconf 86' lang='lat' dir='ltr'>sc.</span> <span class='ocrx_word' id='word_1_311' title='bbox 1109 4339 1265 4382; x_wconf 77' lang='lat' dir='ltr'>exterorum:</span> <span class='ocrx_word' id='word_1_312' title='bbox 1295 4331 1340 4381; x_wconf 76' lang='lat' dir='ltr'>‘the</span> 
     </span>
     <span class='ocr_line' id='line_1_39' title="bbox 185 4394 1339 4461; baseline -0.002 -15"><span class='ocrx_word' id='word_1_313' title='bbox 185 4396 241 4458; x_wconf 81' lang='lat'><strong>625.</strong></span> <span class='ocrx_word' id='word_1_314' title='bbox 277 4394 343 4460; x_wconf 77' lang='lat' dir='ltr'>quis]</span> <span class='ocrx_word' id='word_1_315' title='bbox 366 4396 388 4445; x_wconf 94' lang='lat' dir='ltr'>is</span> <span class='ocrx_word' id='word_1_316' title='bbox 407 4396 530 4461; x_wconf 84' lang='lat' dir='ltr'>probably</span> <span class='ocrx_word' id='word_1_317' title='bbox 549 4397 633 4446; x_wconf 85' lang='lat' dir='ltr'>dative</span> <span class='ocrx_word' id='word_1_318' title='bbox 653 4397 733 4460; x_wconf 79' lang='lat' dir='ltr'>plural</span> <span class='ocrx_word' id='word_1_319' title='bbox 773 4404 866 4445; x_wconf 88' lang='lat' dir='ltr'>torrent</span> <span class='ocrx_word' id='word_1_320' title='bbox 884 4397 912 4445; x_wconf 82' lang='lat' dir='ltr'>oi</span> <span class='ocrx_word' id='word_1_321' title='bbox 930 4398 1029 4445; x_wconf 91' lang='lat' dir='ltr'>Roman</span> <span class='ocrx_word' id='word_1_322' title='bbox 1049 4396 1128 4445; x_wconf 92' lang='lat' dir='ltr'>blood</span> <span class='ocrx_word' id='word_1_323' title='bbox 1147 4397 1243 4448; x_wconf 86' lang='lat' dir='ltr'>sorbids</span> <span class='ocrx_word' id='word_1_324' title='bbox 1261 4397 1292 4447; x_wconf 80' lang='lat' dir='ltr'>all</span> <span class='ocrx_word' id='word_1_325' title='bbox 1307 4396 1339 4445; x_wconf 83' lang='lat' dir='ltr'>the</span> 
     </span>
     <span class='ocr_line' id='line_1_40' title="bbox 152 4461 1338 4527; baseline -0.001 -16"><span class='ocrx_word' id='word_1_326' title='bbox 152 4461 178 4511; x_wconf 90' lang='lat' dir='ltr'>in</span> <span class='ocrx_word' id='word_1_327' title='bbox 190 4462 239 4511; x_wconf 90' lang='lat' dir='ltr'>this</span> <span class='ocrx_word' id='word_1_328' title='bbox 250 4462 308 4510; x_wconf 89' lang='lat' dir='ltr'>line.</span> <span class='ocrx_word' id='word_1_329' title='bbox 773 4471 821 4510; x_wconf 86' lang='lat' dir='ltr'>rest</span> <span class='ocrx_word' id='word_1_330' title='bbox 845 4471 871 4511; x_wconf 87' lang='lat' dir='ltr'>to</span> <span class='ocrx_word' id='word_1_331' title='bbox 894 4462 973 4526; x_wconf 89' lang='lat' dir='ltr'>linger</span> <span class='ocrx_word' id='word_1_332' title='bbox 998 4463 1048 4511; x_wconf 89' lang='lat' dir='ltr'>and</span> <span class='ocrx_word' id='word_1_333' title='bbox 1072 4472 1099 4511; x_wconf 89' lang='lat' dir='ltr'>to</span> <span class='ocrx_word' id='word_1_334' title='bbox 1122 4471 1237 4527; x_wconf 75' lang='lat' dir='ltr'>stagnnte</span> <span class='ocrx_word' id='word_1_335' title='bbox 1258 4479 1288 4513; x_wconf 87' lang='lat' dir='ltr'>on</span> <span class='ocrx_word' id='word_1_336' title='bbox 1306 4461 1338 4510; x_wconf 83' lang='lat' dir='ltr'>thr</span> 
     </span>
     <span class='ocr_line' id='line_1_41' title="bbox 179 4526 875 4592; baseline -0.001 -16"><span class='ocrx_word' id='word_1_337' title='bbox 179 4527 333 4592; x_wconf 79' lang='lat' dir='ltr'>perruperit]</span> <span class='ocrx_word' id='word_1_338' title='bbox 353 4527 418 4576; x_wconf 89' lang='lat' dir='ltr'>Oud.</span> <span class='ocrx_word' id='word_1_339' title='bbox 438 4527 469 4576; x_wconf 82' lang='lat' dir='ltr'>ci.</span> <span class='ocrx_word' id='word_1_340' title='bbox 487 4526 535 4576; x_wconf 85' lang='lat' dir='ltr'>Ov.</span> <span class='ocrx_word' id='word_1_341' title='bbox 557 4528 617 4575; x_wconf 91' lang='lat' dir='ltr'>Met.</span> <span class='ocrx_word' id='word_1_342' title='bbox 640 4539 668 4576; x_wconf 77' lang='grc' dir='ltr'>ιν</span> <span class='ocrx_word' id='word_1_343' title='bbox 689 4543 731 4577; x_wconf 80' lang='grc' dir='ltr'>ηι</span> <span class='ocrx_word' id='word_1_344' title='bbox 772 4528 875 4591; x_wconf 87' lang='lat' dir='ltr'>plains&#39;.</span> 
     </span>
     <span class='ocr_line' id='line_1_42' title="bbox 151 4589 1335 4658; baseline -0.003 -15"><span class='ocrx_word' id='word_1_345' title='bbox 151 4609 232 4655; x_wconf 79' lang='lat'>-124</span> <span class='ocrx_word' id='word_1_346' title='bbox 256 4600 284 4640; x_wconf 82' lang='lat' dir='ltr'>ut</span> <span class='ocrx_word' id='word_1_347' title='bbox 306 4592 383 4641; x_wconf 81' lang='lat' dir='ltr'>iacuit</span> <span class='ocrx_word' id='word_1_348' title='bbox 409 4593 540 4656; x_wconf 82' lang='lat' dir='ltr'>resupinus</span> <span class='ocrx_word' id='word_1_349' title='bbox 565 4593 638 4640; x_wconf 74' lang='lat' dir='ltr'>burrei</span> <span class='ocrx_word' id='word_1_350' title='bbox 662 4609 736 4640; x_wconf 74' lang='lat' dir='ltr'>crrror</span> <span class='ocrx_word' id='word_1_351' title='bbox 805 4591 859 4658; x_wconf 78' lang='lat'><strong>⁶39·</strong></span> <span class='ocrx_word' id='word_1_352' title='bbox 898 4592 999 4653; x_wconf 82' lang='lat' dir='ltr'>uolnus]</span> <span class='ocrx_word' id='word_1_353' title='bbox 1033 4595 1063 4641; x_wconf 87' lang='lat' dir='ltr'>‘a</span> <span class='ocrx_word' id='word_1_354' title='bbox 1087 4603 1187 4658; x_wconf 85' lang='lat' dir='ltr'>greater</span> <span class='ocrx_word' id='word_1_355' title='bbox 1209 4594 1292 4652; x_wconf 80' lang='lat' dir='ltr'>blow’,</span> <span class='ocrx_word' id='word_1_356' title='bbox 1312 4589 1335 4640; x_wconf 71' lang='lat' dir='ltr'>cl</span> 
     </span>
     <span class='ocr_line' id='line_1_43' title="bbox 150 4658 1383 4723; baseline -0.002 -15"><span class='ocrx_word' id='word_1_357' title='bbox 150 4659 238 4709; x_wconf 80' lang='lat' dir='ltr'>emicat</span> <span class='ocrx_word' id='word_1_358' title='bbox 253 4658 309 4719; x_wconf 82' lang='lat' dir='ltr'>alte,</span> <span class='ocrx_word' id='word_1_359' title='bbox 327 4674 377 4706; x_wconf 81' lang='lat' dir='ltr'>non</span> <span class='ocrx_word' id='word_1_360' title='bbox 393 4659 469 4706; x_wconf 82' lang='lat' dir='ltr'>aliter</span> <span class='ocrx_word' id='word_1_361' title='bbox 481 4675 556 4722; x_wconf 83' lang='lat' dir='ltr'>quam</span> <span class='ocrx_word' id='word_1_362' title='bbox 571 4674 627 4706; x_wconf 84' lang='lat' dir='ltr'>cum</span> <span class='ocrx_word' id='word_1_363' title='bbox 645 4659 735 4706; x_wconf 79' lang='lat' dir='ltr'>uitiato</span> <span class='ocrx_word' id='word_1_364' title='bbox 773 4669 791 4705; x_wconf 88' lang='lat' dir='ltr'><strong>v</strong></span> <span class='ocrx_word' id='word_1_365' title='bbox 820 4671 830 4705; x_wconf 93' lang='lat'>1</span> <span class='ocrx_word' id='word_1_366' title='bbox 858 4658 920 4706; x_wconf 82' lang='lat' dir='ltr'>Tac.</span> <span class='ocrx_word' id='word_1_367' title='bbox 952 4658 1034 4722; x_wconf 81' lang='lat' dir='ltr'>Agric.</span> <span class='ocrx_word' id='word_1_368' title='bbox 1069 4671 1112 4707; x_wconf 80' lang='lat' dir='ltr'>vll</span> <span class='ocrx_word' id='word_1_369' title='bbox 1143 4676 1243 4723; x_wconf 77' lang='lat' dir='ltr'>sequens</span> <span class='ocrx_word' id='word_1_370' title='bbox 1268 4670 1337 4708; x_wconf 69' lang='lat' dir='ltr'>aaut</span> <span class='ocrx_word' id='word_1_371' title='bbox 1381 4695 1383 4698; x_wconf 16' lang='grc' dir='ltr'><em>Α</em></span> 
     </span>
     <span class='ocr_line' id='line_1_44' title="bbox 141 4722 1383 4791; baseline -0.002 -18"><span class='ocrx_word' id='word_1_372' title='bbox 141 4723 736 4791; x_wconf 64' lang='lat' dir='ltr'>fistulaplumboscinditur,cttfnucsstndente</span> <span class='ocrx_word' id='word_1_373' title='bbox 769 4724 848 4786; x_wconf 78' lang='lat' dir='ltr'>graui</span> <span class='ocrx_word' id='word_1_374' title='bbox 868 4725 971 4773; x_wconf 80' lang='lat' dir='ltr'>uulnere</span> <span class='ocrx_word' id='word_1_375' title='bbox 992 4725 1110 4774; x_wconf 83' lang='lat' dir='ltr'>animum</span> <span class='ocrx_word' id='word_1_376' title='bbox 1134 4725 1279 4791; x_wconf 67' lang='lat' dir='ltr'>domumque</span> <span class='ocrx_word' id='word_1_377' title='bbox 1296 4722 1336 4771; x_wconf 67' lang='lat' dir='ltr'>aits</span> <span class='ocrx_word' id='word_1_378' title='bbox 1378 4742 1383 4772; x_wconf 92' lang='grc'>.·</span> 
     </span>
     <span class='ocr_line' id='line_1_45' title="bbox 142 4788 1383 4854; baseline 0.001 -16"><span class='ocrx_word' id='word_1_379' title='bbox 142 4790 274 4854; x_wconf 79' lang='lat' dir='ltr'>foramine</span> <span class='ocrx_word' id='word_1_380' title='bbox 301 4790 371 4852; x_wconf 78' lang='lat' dir='ltr'>longe</span> <span class='ocrx_word' id='word_1_381' title='bbox 397 4790 637 4854; x_wconf 73' lang='lat' dir='ltr'>ubtulatur&#39;aquas</span> <span class='ocrx_word' id='word_1_382' title='bbox 662 4795 736 4854; x_wconf 79' lang='lat' dir='ltr'>atque</span> <span class='ocrx_word' id='word_1_383' title='bbox 772 4788 881 4854; x_wconf 52' lang='lat' dir='ltr'>adflixit.</span> <span class='ocrx_word' id='word_1_384' title='bbox 1375 4805 1383 4821; x_wconf 54' lang='lat'>¹*</span> 
     </span>
     <span class='ocr_line' id='line_1_46' title="bbox 155 4854 545 4920; baseline -0.005 -15"><span class='ocrx_word' id='word_1_385' title='bbox 155 4856 238 4905; x_wconf 62' lang='lat' dir='ltr'>&#39;ribus</span> <span class='ocrx_word' id='word_1_386' title='bbox 248 4870 307 4904; x_wconf 86' lang='lat' dir='ltr'>aera</span> <span class='ocrx_word' id='word_1_387' title='bbox 318 4854 423 4920; x_wconf 74' lang='lat' dir='ltr'>rumpit.</span> <span class='ocrx_word' id='word_1_388' title='bbox 536 4874 545 4886; x_wconf 92' lang='lat'><em>·</em></span> 
     </span>
    </p>
   </div>
   <div class='ocr_carea' id='block_1_4' title="bbox 0 0 1396 5286">
    <p class='ocr_par' dir='ltr' id='par_1_5' title="bbox 0 0 1396 5286">
     <span class='ocr_line' id='line_1_47' title="bbox 0 0 1396 5286; baseline 0 1"><span class='ocrx_word' id='word_1_389' title='bbox 0 0 1396 5286; x_wconf 95' lang='lat' dir='ltr'> </span> 
     </span>
    </p>
   </div>
  </div>
 </body>
</html>
