2746 4884
212 315 356 383 LIBER
388 314 447 385 IV.
480 314 657 399 127-164

63 503 128 546 enas
153 483 286 547 maioris
310 504 425 566 aquae.
470 493 650 566 postquam
673 482 787 546 omnia
809 481 886 545 fatis

63 589 142 650 sire
166 588 259 650 uidet
281 587 405 651 celsam
430 586 578 649 Petreius
602 585 746 677 Ilerdam

89 699 123 753 et
146 690 217 753 noti
240 688 367 753 diffisus
390 687 515 752 uiribus
538 688 635 764 orbis,
894 699 951 766 145

65 793 103 855 οὲ
125 793 255 875 quaerit
277 790 420 875 populos
443 801 477 855 et
499 811 631 872 semper
654 791 686 852 in
710 810 804 853 arma

63 915 173 958 amore
196 894 291 971 feros,
314 903 348 958 et
371 894 478 958 tendit
501 895 534 956 in
558 892 676 956 ultima
699 892 824 956 mundi.

63 1007 110 1060 tos
133 997 258 1062 Caesar
279 996 381 1060 colles
404 997 601 1077 desertaque
624 1005 733 1059 castra

63 1101 129 1164 iens
152 1121 272 1183 capere
295 1120 388 1162 arma
411 1098 516 1163 iubet:
547 1119 607 1162 nec
631 1119 788 1181 quaerere
812 1108 948 1181 pontem

63 1205 94 1268 la
117 1205 175 1267 sed
200 1205 291 1268 duris
315 1202 454 1266 fluuium
478 1223 634 1285 superare
658 1203 795 1266 lacertis,
894 1218 954 1283 150

63 1327 69 1368 :
100 1307 276 1388 rapuitque
299 1326 397 1368 ruens
421 1306 453 1368 in
478 1302 604 1388 proelia
628 1303 722 1368 miles

63 1410 166 1492 tgiens
188 1408 353 1473 timuisset
377 1407 445 1471 iter.
492 1427 572 1470 mox
596 1408 662 1470 uda
685 1407 826 1490 receptis

63 1535 71 1576 ι
94 1513 210 1576 fouent
233 1513 334 1576 armis
355 1512 551 1595 gelidosque
574 1533 594 1575 a
616 1513 747 1596 gurgite
769 1532 865 1576 cursu

63 1625 98 1680 nt
122 1626 224 1695 artuS,
248 1618 355 1680 donec
378 1615 582 1679 decresceret
605 1616 723 1678 umbra

67 1741 123 1784 um
144 1729 301 1803 surgente
319 1720 380 1783 die.
428 1719 562 1801 iamque
581 1717 717 1801 agmina
736 1737 867 1782 summa
895 1733 929 1798 15
935 1733 950 1798 5

63 1845 151 1907 :ques
174 1824 335 1906 dubiique
358 1824 456 1905 fugae
479 1843 677 1906 pugnaeque
700 1832 862 1896 tenentur.

63 1929 131 1993 lunt
155 1949 276 2011 campo
297 1929 452 2012 geminae
476 1927 552 2010 iuga
574 1947 678 1990 saxea
700 1946 798 2009 rupes

63 2054 114 2097 tua
137 2034 255 2097 media
301 2032 400 2096 tellus
423 2031 500 2095 hinc
523 2031 626 2095 ardua
648 2031 754 2094 celsos

63 2146 93 2200 at
116 2137 233 2200 colles:
263 2146 356 2200 tutae
378 2155 463 2217 quos
486 2136 572 2198 inter
593 2154 701 2217 opaco

63 2263 69 2302 ι
95 2239 220 2303 latuere
244 2240 333 2302 uiae:
363 2238 484 2321 quibus
506 2236 604 2300 hoste
627 2238 735 2319 potito
786 2251 792 2262 ·
892 2240 953 2302 160

63 2364 69 2405 1
92 2344 201 2406 emitti
224 2353 385 2406 terrarum
410 2342 442 2404 in
466 2342 565 2405 deuia
588 2341 733 2405 Martem

63 2467 129 2508 eras
152 2455 270 2528 gentes
294 2445 417 2510 Caesar
439 2445 538 2509 uidet.
584 2444 629 2508 ite
651 2446 723 2509 sine
745 2445 813 2510 ullo

67 2549 122 2622 ait,
148 2558 348 2630 raptumque
371 2548 451 2630 suga
474 2548 657 2611 conuertite
679 2547 814 2624 bellum,

62 2672 94 2713 m
119 2672 253 2734 pugnae
276 2651 452 2733 uoltusque
475 2651 593 2714 inserte
617 2652 778 2715 minaces:

63 2821 105 2882 eas]
122 2821 247 2883 Compare
259 2821 301 2869 the
312 2829 379 2883 story
391 2821 416 2868 in
455 2821 508 2869 also
527 2821 548 2870 is
567 2822 627 2871 used
647 2821 708 2871 with
728 2831 778 2871 two
795 2822 916 2886 genitives
935 2821 966 2872 ci.
988 2823 1037 2872 Ov.

63 2902 193 2948 crevenge
205 2887 280 2935 taken
292 2887 325 2948 by
337 2886 417 2949 Cyrus
456 2887 518 2935 Met.
531 2899 550 2934 v
563 2885 609 2949 564
622 2888 715 2935 medius
722 2887 864 2952 fratrisque
872 2888 915 2936 sui
925 2894 1037 2937 moestae·

64 2951 133 2999 ndes.
168 2952 235 3000 Oud.
252 2951 281 3000 ci.
299 2951 344 3000 Sil.
358 2952 415 3000 Ital.
454 2968 500 3015 qne
510 2953 601 3000 sororis
613 2953 732 3016 Iuppiter.

63 3032 152 3078 gnnso
173 3017 260 3065 Trebia
277 3024 300 3065 et
316 3018 417 3064 meritas
487 3018 612 3079 tenentur]
629 3017 771 3082 equivalent
790 3028 816 3066 to
832 3018 982 3077 detinentur,
1003 3019 1034 3068 ci.

63 3081 227 3137 eascxsolues,
241 3082 340 3145 inquit:
357 3083 416 3130 lace·
455 3082 508 3131 Cic.
532 3083 564 3130 ad
582 3082 639 3132 fam.
660 3094 709 3131 xvt
728 3083 761 3132 vii
779 3085 792 3142 ἕ
812 3100 821 3132 1
841 3084 968 3147 septimum
985 3085 1036 3133 iarn

63 3148 120 3194 11111
127 3148 262 3210 dispergam
272 3164 335 3195 rura
344 3154 417 3211 atque
453 3147 515 3195 diem
530 3148 648 3210 Corcyrae
657 3149 807 3199 tenebamur.

63 3211 199 3260 radenram.
490 3215 543 3272 158.
578 3214 819 3275 uallecauamedrh]
834 3214 1036 3264 ‘withuhollow

84 3277 105 3324 is
127 3277 269 3341 equivalent
292 3286 318 3325 to
335 3277 414 3339 sarri,
455 3278 536 3340 valley
555 3277 688 3327 between'.
723 3279 790 3328 Oud.
814 3279 845 3328 ci.
869 3280 924 3328 Liv.
944 3291 984 3328 vn
1005 3293 1036 3341 34

63 3340 82 3421 :s
97 3341 195 3404 destiny
207 3342 227 3390 is
243 3342 374 3417 sweeping¹
381 3341 415 3390 all
453 3344 588 3419 exercitum
608 3344 708 3420 incaute
725 3344 753 3393 in
772 3344 864 3393 saltum
884 3361 948 3394 caua
971 3345 1037 3393 ualle

62 3409 202 3519 :ahhiniien'
220 3418 240 3454 11
259 3423 290 3469 34
307 3422 347 3455 sm
364 3423 415 3455 mm
450 3409 733 3534 miiitiaintiiiriiliiitim
746 3475 794 3523 this
803 3475 874 3539 point
886 3475 928 3524 the
939 3476 1036 3539 ground

63 3537 154 3598 amore]
181 3537 213 3585 ct.
244 3549 252 3584 1
276 3536 414 3600 46o-462‚
454 3538 531 3652 qiqipg
548 3538 610 3588 alost
627 3539 735 3589 exhibits
751 3556 767 3589 a
783 3541 932 3590 continuous
947 3539 1040 3590 lineos

473 3619 535 3652 rs.

90 3668 167 3716 ‘took
196 3668 256 3716 with
285 3683 415 3730 eagemess
490 3668 543 3718 160.
577 3669 664 3732 pratus
678 3668 753 3733 hoste]
770 3670 839 3719 uidet
854 3671 946 3720 Caesar
957 3671 1032 3734 quod,

63 3749 71 3780 ›
89 3733 132 3781 the
150 3733 212 3795 fight
227 3749 242 3780 a
259 3733 320 3795 path
333 3733 414 3782 which
454 3735 474 3782 si
486 3737 612 3797 angustias
624 3734 690 3798 ipsas
704 3735 849 3799 Pompeiani
863 3745 1034 3800 occupassent,

63 3799 137 3846 rrunk
151 3799 213 3846 irom
228 3799 251 3845 in
264 3797 356 3861 flight'.
455 3800 523 3847 Mars
540 3800 693 3849 emitteretur
706 3800 731 3848 in
746 3810 865 3849 terrarum
881 3801 954 3849 deuia
969 3808 994 3850 et
1009 3801 1035 3849 in

75 3863 120 3911 i.e.
134 3863 198 3911 their
209 3879 275 3912 arms
287 3864 335 3911 had
351 3864 414 3912 been
454 3864 517 3913 feras
534 3875 628 3928 gentes,
641 3865 657 3913 i.
667 3882 688 3914 e.
709 3866 740 3914 ad
759 3867 885 3922 barbaros,
898 3866 929 3914 ad
941 3882 1004 3930 quos
1015 3866 1035 3915 si

63 3930 94 3976 ed
124 3944 206 3977 across
232 3928 274 3977 the
302 3930 367 3977 river
389 3930 414 3976 in
454 3931 605 3993 peruenisset
622 3931 708 3990 hostis,
726 3947 776 3979 non
794 3940 877 3995 posset
894 3931 1036 3996 superaria

454 3995 568 4045 Caesare.
606 3996 690 4045 Schol.
723 3994 727 4001 '

67 4057 239 4122 byrunning’.
489 4058 541 4122 163.
580 4067 726 4125 raptumque
734 4059 814 4124 fuga]
833 4066 901 4110 ‘turn
916 4061 980 4111 back
992 4063 1036 4112 the

74 4125 182 4184 stemma]
203 4125 262 4173 ‘the
285 4124 415 4172 hindmost
452 4141 503 4173 war
516 4125 596 4174 which
609 4125 629 4173 is
644 4126 776 4190 hastening
791 4127 823 4175 its
838 4126 930 4190 tigne,
942 4127 986 4177 i.e.
1001 4127 1034 4190 by

452 4190 561 4254 heading
573 4191 615 4239 the
627 4191 704 4255 flying
718 4207 807 4255 enemy
818 4191 916 4257 compel
928 4192 996 4241 them
1009 4199 1036 4242 to

68 4254 201 4303 harasses’.
452 4256 548 4319 change
566 4256 630 4305 their
647 4272 741 4306 course.
778 4257 828 4305 For
844 4258 933 4306 bellum
950 4257 982 4307 cf.
1001 4269 1035 4307 111

63 4336 73 4383 ζ
88 4321 200 4369 between
216 4319 286 4383 flight
298 4320 347 4368 and
359 4320 412 4367 bat·
451 4319 492 4382 64,
507 4321 615 4383 V11651.

63 4401 65 4432 1
81 4385 184 4433 dubium
194 4385 264 4449 Μ’,-
281 4401 309 4434 so
321 4386 413 4434 medius
