2782 5286
377 165 558 227 LUCrlh'l
594 163 908 223 l‘llnltsnllnli

127 330 201 411 quis
224 328 321 404 furor,
345 348 366 390 ο
388 328 487 403 caeci,
511 326 696 389 scelerum?
741 326 851 388 ciuilia
875 326 962 388 bella
1119 344 1158 406 95

125 434 249 515 gesturi
274 440 427 495 metuunt
449 451 491 494 ne
514 450 580 493 non
604 449 680 494 cum
703 430 867 513 sanguine
890 431 1052 495 uincant?

127 538 324 602 abstulimus
347 545 460 612 terras,
482 534 686 598 exclusimus
709 554 854 617 aequore
876 543 960 613 toto,

127 642 169 705 ad
193 650 420 724 praematuras
442 649 592 723 segetum
616 640 727 703 ieiuna
749 639 882 722 rapinas

128 747 263 828 agmina
286 743 517 826 compulimus
541 752 726 825 uotumque
748 742 919 806 effecimus
942 742 1031 807 hosti

127 858 165 912 ut
188 848 302 912 mallet
325 848 425 911 sterni
449 846 569 930 gladiis
593 855 785 928 mortesque
807 865 944 909 suorum
1100 861 1164 910 100

127 953 324 1036 permiscere
348 952 437 1013 meis.
483 949 561 1014 belli
584 970 660 1031 pass
683 969 807 1031 magna
829 957 964 1031 peracta
986 956 1040 1012 est

128 1056 179 1118 his
202 1054 322 1137 quibus
344 1053 498 1117 effectum
522 1061 572 1116 est
596 1074 638 1116 ne
661 1072 809 1135 pugnam
833 1053 898 1116 tiro
921 1060 1079 1134 paueret:

129 1161 155 1222 si
179 1161 280 1223 modo
303 1160 436 1222 uirtutis
458 1158 601 1222 stimulis
625 1158 758 1245 iraeque
780 1157 890 1221 calore

129 1265 224 1346 signa
247 1272 374 1345 petunt.
418 1262 542 1326 multos
566 1263 599 1324 in
622 1281 753 1325 summa
776 1260 923 1344 pericula
947 1260 1038 1325 misit

129 1368 258 1431 uenturi
282 1368 383 1430 timor
405 1367 476 1448 ipse
499 1366 586 1429 mali.
631 1365 830 1428 fortissimus
852 1364 907 1427 ille
930 1373 990 1439 est,
1099 1379 1158 1447 105

33 1487 37 1495 '
128 1472 183 1553 qui
206 1480 381 1554 promptus
404 1472 584 1534 metuenda
606 1471 677 1553 pati
700 1471 728 1532 si
750 1469 937 1534 comminus
959 1470 1087 1534 instent

128 1585 162 1639 et
184 1575 316 1639 differre
338 1584 458 1656 potest
503 1574 614 1657 placet
637 1574 719 1639 haec
742 1584 812 1638 tam
835 1595 995 1659 prospera
1016 1595 1129 1640 rerum

128 1680 258 1743 tradere
282 1678 473 1741 Fortunae?
516 1677 629 1760 gladio
652 1679 845 1761 permittere
867 1679 984 1742 mundi

128 1783 328 1848 discrimen?
373 1803 522 1866 pugnare
543 1784 662 1847 ducem
686 1803 786 1865 quarn
811 1784 942 1847 uincere
965 1780 1105 1848 malunt

128 1909 179 1952 res
202 1888 283 1952 mihi
308 1890 480 1953 Romanas
502 1889 653 1962 dederas,
678 1888 837 1964 Fortuna,
861 1888 1047 1970 regendas:
1101 1903 1163 1952 110

127 1993 240 2074 accipe
264 1993 405 2055 maiores
427 2000 461 2055 et
484 2011 584 2054 caeco
606 1991 639 2053 in
664 1991 774 2054 Marte
797 1999 897 2053 tuere

129 2097 278 2179 Pompeii
302 2116 362 2160 nec
385 2097 508 2159 crimen
533 2097 594 2159 erit
618 2116 678 2158 nec
700 2095 807 2177 gloria
829 2095 963 2159 bellum.

128 2200 232 2263 uincis
255 2202 343 2283 apud
367 2220 504 2282 superos
527 2201 615 2262 uotis
638 2218 700 2274 me,
725 2198 856 2275 Caesar,
880 2199 1020 2280 iniquis:

128 2313 304 2385 pugnatur.
350 2311 514 2384 quantum
538 2302 699 2365 scelerum
722 2301 1143 2384 quantumquemalorum

129 2407 161 2469 in
185 2406 326 2490 populos
350 2408 409 2470 lux
433 2409 496 2470 ista
519 2406 616 2471 feret:
638 2415 720 2488 quot
743 2427 845 2489 regna
868 2407 1040 2472 iacebunt:
1100 2422 1157 2490 115

129 2512 291 2593 sanguine
316 2510 472 2574 Romano
494 2530 595 2592 quarn
619 2509 770 2573 turbidus
793 2510 854 2573 ibit
877 2509 1037 2592 Enipeus.

129 2616 236 2696 prima
260 2614 359 2677 uelim
383 2623 484 2697 caput
507 2614 570 2678 hoc
594 2615 714 2678 funesti
740 2615 855 2678 lancea
878 2615 966 2690 belli,

129 2719 156 2781 si
179 2719 250 2781 sine
274 2729 445 2782 momento
469 2739 574 2782 rerum
598 2720 768 2801 partisque
791 2719 885 2782 ruina

44 2944 87 2993 the
104 2960 179 3008 peace
196 2946 228 2995 he
245 2962 296 2995 was
313 2946 355 2996 the
367 2946 418 2996 first
430 2957 456 2996 to
467 2947 544 2996 break
552 2946 566 3007 ’‚
580 2948 624 2996 ie.
663 2957 714 2995 xw
732 2948 746 3006 ἕ
765 2962 779 3010 3
797 2947 875 2995 huius
891 2946 965 2996 totr'cu
981 2947 1039 2997 belli
1053 2948 1083 2997 in
1098 2948 1220 2996 animun·

43 3010 76 3072 by
87 3010 207 3074 reducing
216 3012 268 3061 him
278 3013 351 3075 again
361 3014 515 3077 toaprivate
524 3013 623 3062 station.
655 3012 794 3076 fortissimi
810 3019 834 3061 ei
853 3013 964 3061 maximi
987 3014 1044 3062 uita
1064 3013 1215 3079 positum

44 3074 112 3124 Oud.
119 3074 247 3139 following
255 3093 323 3126 some
332 3078 409 3128 MSS.
420 3079 490 3127 reads
498 3080 626 3127 Romanae
662 3078 801 3126 discrimen.

44 3140 212 3204 traderepuci,
225 3143 338 3201 butthis.
351 3159 378 3192 as
394 3144 426 3193 he
442 3143 547 3193 himself
560 3158 625 3206 says,
698 3158 752 3192 ιιι.
785 3141 872 3206 accipe]
900 3142 972 3206 quusi
999 3143 1147 3209 depositum.
1168 3140 1220 3191 ‘ute

45 3206 167 3269 probably
181 3222 251 3256 arose
268 3206 331 3256 from
348 3224 363 3257 a
380 3210 448 3272 gloss
465 3211 576 3258 Romane
591 3224 625 3258 on
663 3208 732 3257 thern
744 3208 807 3256 back
820 3208 937 3271 enlnrged
948 3207 1000 3257 and
1010 3206 1220 3273 protectricem

44 3270 89 3318 tibi
98 3271 124 3318 in
136 3271 185 3320 line
197 3287 235 3335 9²·
664 3274 713 3322 seli
727 3274 753 3321 in
771 3273 813 3322 the
832 3272 903 3322 blind
921 3272 1016 3323 chance
1034 3274 1065 3324 of
1078 3272 1147 3333 ω’,
1164 3268 1218 3322 iel

84 3350 124 3400 97.
148 3338 237 3398 terras]
252 3338 305 3386 ‘the
315 3338 489 3395 land',asthe
501 3338 625 3388 Scholiast
664 3339 776 3387 disclaim
804 3339 838 3387 ull
865 3337 959 3388 hrrther
987 3339 1166 3404 responsibility
1184 3332 1220 3385 ni

44 3416 110 3516 scays,
125 3402 157 3450 de
173 3403 270 3477 duobus
285 3404 626 3518 plemeptisdicittexplusum
663 3404 734 3453 leave
745 3403 798 3453 that
811 3412 838 3479 to
849 3404 1027 3531 Fprtunebeen
1090 3470 1112 3520 c
1188 3466 1221 3515 b

68 3482 177 3516 aesarem
200 3484 225 3516 1n
266 3485 338 3517 uirus
378 3485 437 3518 omo
477 3485 530 3519 oes
563 3485 625 3518 esse.
701 3485 754 3518 ιι.
788 3485 871 3517 urricus
903 3485 943 3517 ue.
1026 3485 1072 3520 use
1112 3484 1176 3519 cestr

44 3532 128 3581 Weise
150 3485 332 3597 unneceilsarily
355 3486 520 3584 understapnds
543 3535 575 3598 by
596 3534 622 3593 ir,
665 3483 757 3599 prayid
773 3533 812 3582 for
825 3534 911 3593 battle,
926 3534 975 3583 and
993 3550 1052 3584 now
1068 3535 1087 3586 it
1103 3536 1147 3585 hes
1160 3545 1219 3587 m

45 3605 122 3646 terras
141 3598 290 3659 Orientales,
312 3600 365 3649 sine
384 3600 474 3664 quibus
494 3600 625 3664 imperium
663 3600 696 3649 ef.
710 3599 823 3661 238infr.

46 3663 431 3729 Romanumessenonpoterat.
701 3679 753 3728 ¹¹7·
784 3665 882 3728 prima]
898 3664 954 3714 ‘the
971 3664 1025 3716 first
1042 3666 1098 3717 dart
1114 3660 1213 3716 hurtet'n

81 3743 133 3777 101.
169 3730 239 3790 meis]
250 3745 285 3778 sc.
297 3746 406 3779 meorum
418 3730 542 3779 inertibus.
664 3729 714 3779 this
725 3728 957 3779 lamentablewar’.

78 3793 135 3842 belli
151 3795 224 3880 pars]
250 3795 275 3843 ‘I
299 3805 371 3860 grant
394 3796 436 3844 the
459 3812 509 3845 war
532 3796 553 3844 is
575 3795 630 3844 half
701 3798 754 3844 118.
777 3796 831 3844 u'ne
842 3795 1099 3857 momcn101‘withont
1110 3790 1205 3861 girini

45 3857 151 3908 finished
165 3895 171 3908 .
665 3860 808 3910 deathblow
819 3869 846 3909 to
856 3876 903 3909 our
912 3859 1043 3911 fortunes’.

47 3924 627 4057 cf¹1⁰³2z7'''i{¹2¹‘1i'3³}i¹l“⁵1⁰⁶²¹¹l“²³⁵²
666 3924 1036 4054 thiifilrili'c'lc‘hiii
1046 3927 1194 4051 tigilli

84 4068 137 4116 104.
171 4056 271 4116 multos]
288 4028 392 4106 lesbut
409 4057 536 4106 thesaure
553 4057 628 4105 result
667 4072 725 4104 uero
741 4071 790 4105 non
807 4027 890 4105 lricrct
906 4057 970 4105 mihi
986 4058 1084 4107 nullius
1094 4057 1172 4123 Μὰ

48 4119 177 4182 mayarise
188 4119 251 4168 from
262 4121 370 4186 despair.
668 4122 706 4171 ld.
719 4132 774 4185 post
784 4122 855 4171 redit.
868 4123 899 4171 ad
909 4121 1181 4186 Quiritfirwnucii

84 4186 137 4233 108.
171 4186 261 4234 mundi
277 4187 418 4247 dism'mcn]
442 4187 497 4237 ‘the
519 4186 628 4236 decision
668 4204 736 4236 exeo
747 4195 821 4250 pane
837 4186 945 4235 hcncines
962 4189 1034 4236 cuius
1045 4189 1130 4255 Μὴ
1146 4202 1175 4237 nc

48 4248 77 4303 of
91 4249 133 4305 the
150 4251 231 4301 whole
247 4251 348 4301 world's
364 4251 436 4308 fate‘,
448 4253 480 4305 cf.
493 4252 546 4305 Cic.
562 4252 626 4303 Phil.
662 4255 787 4320 principes
798 4253 999 4304 nunccrabonmr.
