2782 5286
442 360 587 425 LIBER
620 361 664 426 ΙΙ.
697 374 878 445 253-291.

142 542 259 606 pacem
281 541 415 588 summa
437 532 564 589 tenent.
609 543 712 608 quam
736 524 846 590 laetae
869 525 1024 592 Caesaris
1046 548 1143 594 aures

141 626 307 710 accipient
329 635 461 692 tantum
485 629 617 692 uenisse
640 630 674 692 in
697 629 825 714 proelia
846 631 980 696 ciuem?

142 752 218 796 nam
243 729 394 815 praelata
416 734 484 798 suis
507 753 692 816 numquam
716 734 849 798 diuersa
871 734 1000 800 dolebit
1111 751 1173 820 275

44 890 50 901 .
142 845 251 900 castra
273 836 369 900 ducis
391 835 519 920 Magni.
563 837 704 900 nimium
728 836 839 920 placet
863 839 934 922 ipse
958 837 1088 916 Catoni,

141 941 165 1003 si
188 939 317 1006 bellum
340 941 438 1005 ciuile
461 941 579 1024 placet.
624 961 702 1024 pars
725 961 848 1024 magna
871 951 1007 1006 senatus
1073 972 1076 979 ·

141 1055 173 1109 et
195 1046 283 1110 duce
305 1047 438 1129 priuato
460 1055 615 1129 gesturus
637 1044 764 1128 proelia
786 1044 903 1109 consul

140 1147 320 1212 sollicitant
343 1167 560 1231 proceresque
582 1145 648 1223 alii,
670 1148 790 1230 quibus
813 1149 900 1211 adde
923 1146 1086 1213 Catonem

140 1251 200 1314 sub
224 1251 304 1334 iuga
328 1250 488 1334 Pompeii,
510 1259 583 1315 toto
606 1251 673 1314 iam
697 1249 781 1313 liber
802 1250 836 1312 in
858 1250 939 1314 orbe
1110 1252 1174 1317 280

139 1352 230 1417 solus
254 1352 378 1417 Caesar
399 1353 470 1419 erit
514 1353 606 1435 quod
628 1352 656 1415 si
679 1371 741 1435 pro
763 1352 894 1436 legibus
915 1372 1009 1417 arma

140 1457 223 1522 lerre
246 1457 340 1521 iuuat
363 1457 479 1540 patriis
501 1456 756 1539 libertatemque
777 1457 872 1533 tueri,

141 1582 227 1626 nunc
252 1581 361 1646 neque
384 1562 535 1645 Pompeii
559 1563 699 1625 Brutum
722 1580 785 1624 nec
808 1558 961 1625 Caesaris
982 1559 1113 1625 hostem

141 1673 215 1746 post
238 1663 365 1728 bellum
389 1665 524 1728 uictoris
546 1663 658 1728 habes.
703 1662 751 1726 sic
773 1661 879 1727 fatur:
908 1671 944 1726 at
965 1662 1012 1726 illi

140 1787 260 1832 arcano
283 1788 394 1832 sacras
416 1767 526 1831 reddit
549 1767 636 1833 Cato
657 1775 793 1851 pectore
815 1787 932 1832 uoces:
1108 1769 1168 1848 285

179 1888 361 1948 summum,
385 1868 496 1948 Brute,
519 1869 612 1932 nefas
635 1868 745 1932 ciuilia
767 1868 856 1932 bella
878 1868 1040 1945 latemur;

140 1973 194 2036 sed
218 1993 288 2055 quo
310 1971 380 2036 sata
402 1971 540 2035 trahunt
562 1973 668 2035 uirtus
690 1991 806 2034 secura
827 1979 992 2054 sequetur.
1093 1963 1095 1969 ’

139 2073 262 2137 crimen
285 2074 348 2138 erit
370 2074 498 2156 superis
522 2082 555 2137 et
579 2092 632 2137 me
655 2072 772 2136 secisse
795 2081 981 2138 nocentem.

139 2177 246 2241 sidera
268 2177 343 2259 quis
366 2176 597 2259 mundumque
620 2175 711 2239 ualet
734 2184 885 2259 spectare
907 2177 1084 2241 cadentem

138 2298 258 2361 expers
280 2279 353 2361 ipse
375 2276 508 2342 metus?
534 2278 609 2361 quis
631 2297 707 2341 cum
728 2286 803 2342 ruat
824 2279 946 2342 arduus
968 2279 1084 2343 aether
1106 2295 1171 2361 290

138 2390 225 2445 terra
248 2380 340 2445 labet
362 2381 474 2444 mixto
495 2380 647 2444 coeuntis
669 2380 818 2462 pondere
840 2381 957 2444 mundi

10 2614 27 2643 ⁵
69 2601 128 2668 him
147 2608 267 2659 mm
283 2615 308 2660 et
323 2609 474 2659 uenerabilis
490 2614 565 2658 estet
582 2609 631 2658 dal·
703 2609 760 2658 280.
792 2608 838 2657 sub
853 2608 922 2671 iuga]
949 2607 982 2659 ci.
1000 2608 1193 2674 Prop.1vlv4
1214 2611 1254 2661 Ti·

10 2675 22 2706 ¹
63 2673 146 2732 tratur.
162 2690 271 2740 quorum
288 2674 360 2723 until
377 2675 491 2724 inuenies
507 2675 536 2723 in
557 2675 632 2723 irato.
664 2673 1185 2738 grisetEupltratesmbtuaiurastumt.

10 3226 17 3253 r
55 3192 104 3244 civil
125 3208 179 3244 war
199 3209 323 3260 approves
342 3193 430 3253 itsell',
448 3197 489 3244 l.e.
508 3195 574 3245 Cato
596 3195 631 3259 by
668 3195 750 3245 which
768 3194 871 3245 Catois

10 3330 16 3341 ι

10 3348 15 3365 k

66 2733 367 2789 Fotheoonstructioncl.
378 2738 442 2789 Hor.
458 2739 541 2804 Epod.
555 2750 575 2787 11
589 2752 629 2803 37,
703 2742 758 2789 281.
784 2739 889 2804 quadra]
906 2738 1132 2802 ‘butllitbeyour
1158 2740 1255 2792 leasure

64 2801 88 2861 3⁸
99 2806 154 2868 quis
168 2819 220 2854 non
242 2805 370 2854 malarum
386 2820 450 2869 quas
465 2820 538 2854 amor
558 2820 633 2853 cum
669 2811 696 2853 to
717 2803 777 2854 take
796 2820 830 2868 up
848 2818 914 2853 arms
931 2804 991 2867 only
1008 2819 1041 2853 on
1061 2755 1192 2854 behalfol
1208 2821 1255 2856 our

62 2863 118 2917 labet
126 2869 184 2919 haec
195 2870 262 2918 inter
271 2869 442 2920 obliuiscz'turl
668 2868 793 2933 country's
804 2870 865 2918 laws
876 2869 926 2918 and
938 2877 965 2918 to
977 2868 1068 2920 defend
1084 2870 1181 2934 liberty,
1195 2887 1254 2922 now

84 2946 136 2997 ²75·
167 2934 280 2997 demta]
311 2933 470 3000 ‘opposingt
516 2933 548 2984 cf.
571 2934 627 2984 inlr.
668 2934 695 2984 in
708 2936 799 2984 Brutus
813 2949 863 2998 you
877 2933 1022 2983 havealoe
1033 2933 1129 2984 neither
1141 2943 1168 2984 to
1180 2935 1253 2986 Pom·

668 3000 740 3064 peius
758 3015 805 3048 nor
827 3007 854 3048 to
874 2999 983 3059 Caesen
1007 2999 1081 3049 when
1098 3001 1142 3049 the
1161 3017 1213 3051 war
1232 3002 1254 3052 is

82 3032 136 3127 ⁸36.
170 3064 283 3114 mbram
296 3063 388 3130 placet]
422 3064 551 3115 ‘Caesar’s
573 3079 631 3114 own
669 3065 775 3115 finished
790 3065 822 3113 he
837 3064 888 3113 will
907 3064 938 3113 be
954 3064 997 3113 the
1011 3064 1112 3115 victor's
1126 3064 1189 3124 loe',
1205 3067 1250 3119 ie.

55 3129 155 3180 munet
173 3128 237 3193 sully
253 3145 377 3195 approves
394 3129 465 3180 itsels
480 3137 508 3179 to
526 3130 593 3180 Cato
612 3130 634 3178 il
668 3128 690 3179 il
701 3130 744 3180 the
756 3145 831 3179 cause
841 3130 871 3180 ol
881 3129 992 3179 freedorn
1005 3129 1027 3178 is
1038 3130 1081 3179 the
1092 3131 1152 3195 only
1166 3132 1253 3182 onein

51 3259 143 3326 ming
157 3259 185 3309 in
197 3259 242 3310 the
259 3274 310 3309 war
325 3259 441 3310 absolves
457 3261 550 3310 Caesar
565 3259 629 3310 from
667 3261 720 3310 will
739 3261 834 3309 remain
851 3196 1009 3310 ηειῇῐτῐῖἃίῐιξά
1008 3202 1054 3309 (1ξὲ
1067 3195 1252 3313 effugant&

52 3324 116 3387 prilt.
139 3323 315 3390 nimpham
342 3325 631 3391 Weiseputsacomma
668 3326 859 3390 Pompeiusnnd
868 3325 1252 3381 Caesanandwhenthatisde·

10 3392 13 3477 l
51 3387 107 3440 riter
121 3390 175 3456 ipse
188 3390 239 3439 and
253 3388 386 3455 interprete
396 3391 477 3455 placet
491 3406 519 3439 as
533 3390 589 3440 aliis
602 3406 629 3440 se
666 3390 802 3455 cidedjoin
813 3391 878 3441 Cato
887 3390 913 3438 in
921 3406 956 3454 op
1002 3390 1046 3455 ing
1054 3391 1096 3441 the
1105 3406 1252 3456 conqueror.

160 3454 311 3520 probarique
328 3455 460 3513 existimat.
478 3455 520 3506 i.e.
543 3455 629 3505 thinks
693 3463 742 3520 pro
752 3455 854 3519 lepidio]
865 3471 900 3504 sc.
912 3471 945 3504 an
974 3455 1000 3504 in
1011 3471 1045 3505 no
1055 3456 1127 3506 other
1137 3472 1219 3507 cause.

10 3538 13 3545 ·
91 3534 169 3572 mute
179 3519 328 3586 sufficiendy
339 3520 453 3586 popular.
699 3523 755 3584 283.
779 3521 857 3582 nunc]
866 3520 1000 3585 emphatic.
1018 3530 1178 3586 opponuntur
1184 3538 1253 3574 nunc

76 3585 135 3649 ηδ,
161 3585 279 3650 patrato]
301 3586 437 3651 Pompeius
447 3585 507 3635 held
518 3601 552 3635 no
563 3586 628 3650 legal
666 3593 754 3650 etpost
763 3586 861 3634 bellum.
894 3585 1006 3635 Grotius.

10 3674 13 3699 :
49 3648 123 3702 (602.
699 3654 755 3714 287.
789 3650 884 3712 secura]
914 3651 1032 3701 ‘carelees
1053 3649 1083 3702 ol
1101 3651 1144 3702 the
1165 3667 1251 3704 conse·

10 3748 17 3757 .
74 3730 132 3784 ¹79·
168 3715 314 3777 umens]
346 3730 381 3765 sc
398 3731 443 3772 me,
463 3719 547 3765 ‘rouse
563 3732 604 3766 me
612 3714 627 3773 ’,
666 3715 786 3780 quence'.

10 3792 14 3825 ι·
49 3777 90 3832 ie.
102 3791 132 3832 to
139 3779 289 3846 joininthe
299 3797 364 3841 wan
381 3780 476 3832 οἱον.
490 3782 580 3831 Amor.
593 3793 627 3831 111
701 3784 756 3831 288.
790 3780 894 3843 crimen]
917 3783 960 3831 ie.
987 3781 1030 3831 the
1047 3781 1132 3832 blame
1150 3781 1188 3831 lor
1209 3799 1253 3898 ιηζ

47 3845 129 3910 viiu.
163 3845 627 3911 Weiseregardasollicitantasequi·
665 3847 728 3911 guilt
751 3846 803 3896 will
820 3854 870 3896 rest
890 3846 951 3895 with
971 3847 1013 3896 the
1034 3847 1106 3910 gods,
1125 3856 1169 3897 not
1191 3849 1234 3898 wit

10 3902 14 3967 Ιζ
47 3911 372 3969 nlenttommianeme,
381 3909 420 3960 l'or
430 3912 511 3961 which
521 3911 628 3960 hecom·
668 3928 717 3961 me.

10 3986 12 3991 '
46 3976 182 4040 pmsCic.
196 3975 230 4026 de
241 3975 283 4026 fin,
299 3979 378 4040 1550
389 3978 510 4026 temeritas
519 3985 544 4026 et
552 3977 629 4025 labilia
699 3991 755 4041 290.
788 3991 846 4024 cum
864 3976 934 4038 ruat]
967 3976 999 4025 cl.
1024 3976 1101 4041 Verg.
1121 3977 1153 4027 G.
1173 3988 1184 4026 1
1204 3993 1253 4042 3²4

10 4052 14 4099 ζ
45 4042 190 4107 Πρωτὼ
205 4048 299 4106 smper
313 4043 429 4091 animum
446 4043 591 4090 amazon!
605 4048 629 4091 ct
666 4043 720 4090 mit
730 4042 827 4091 arduus
836 4042 928 4091 aether.

44 4105 283 4173 mprmtidtanr
292 4107 493 4171 turbrdentneque
503 4114 571 4157 sunt.
700 4122 754 4171 ²91·
789 4107 865 4156 mim
892 4107 999 4156 coeuntis
1022 4107 1129 4171 pondere
1150 4107 1253 4170 munda]

115 4172 122 4185 '
192 4171 265 4234 adde]
294 4171 332 4221 ‘in
358 4172 472 4222 addition
495 4181 522 4222 to
544 4172 628 4221 whom
667 4171 797 4221 ‘involved
815 4172 841 4221 in
859 4172 901 4220 the
916 4172 1026 4235 collapse
1043 4171 1073 4220 ol
1087 4172 1130 4221 the
1146 4173 1253 4224 messivo

141 4236 209 4288 Cato
236 4237 345 4287 beneath
371 4235 512 4302 Pompeius’
538 4237 629 4301 yolre’.
667 4235 762 4300 globe’.
800 4237 849 4286 For
871 4237 914 4286 the
931 4237 1065 4301 hypallage
1082 4237 1114 4286 cl.
1136 4246 1196 4287 note
1218 4254 1252 4289 on

43 4301 91 4353 Fon
108 4302 202 4353 addere
219 4301 280 4352 with
297 4317 313 4351 a
331 4303 486 4367 preposition
507 4302 630 4367 implying
669 4314 677 4351 1
684 4316 730 4415 s7
767 4302 823 4351 The
835 4301 885 4351 line
897 4301 918 4351 is
930 4301 1253 4366 perhapsareminiscence

42 4369 137 4420 motion
151 4366 186 4418 ei·
202 4366 254 4418 Ov.
270 4369 357 4417 Amor.
373 4369 429 4417 lvii
444 4382 452 4415 ι
467 4369 630 4417 addcmanus
667 4382 683 4417 o
735 4382 786 4432 erg.
808 4367 863 4416 Ecl.
876 4378 905 4415 ιν
923 4381 956 4430 ⁵0
972 4367 1066 4431 adspice
1081 4384 1188 4417 connexo
1204 4385 1251 4418 nu-

41 4434 68 4482 r'n
79 4434 169 4484 athela
180 4448 257 4483 meas.
667 4440 762 4482 tantem
769 4432 877 4496 pondere
889 4432 1021 4481 ntundum.
