2746 4884
390 337 536 402 LIBER
567 336 626 402 IV.
654 337 840 419 476-517.

108 498 312 562 constituere
335 496 397 560 dei.
445 497 655 580 praebebunt
678 519 826 583 aequora
849 508 962 577 testes,

107 601 317 684 praebebunt
340 611 457 677 terrae,
480 602 621 665 summis
646 603 742 667 dabit
767 604 876 667 insula
898 605 1009 668 saxis:

106 705 309 788 spectabunt
332 705 488 787 geminae
511 704 643 769 diuerso
668 726 687 769 e
711 705 808 770 litore
831 715 952 790 partes.
1083 722 1147 791 495

109 807 337 892 nescioquod
362 807 484 872 nostris
508 829 667 891 magnum
691 819 725 874 et
748 811 964 876 memorabile
986 812 1064 876 fatis

108 911 317 996 exemplum,
342 911 499 988 Fortuna,
522 932 627 995 paras.
672 934 905 997 quaecumque
926 936 986 998 per
1007 935 1128 979 aeuom

108 1017 266 1082 exhibuit
290 1024 509 1081 monumenta
532 1015 614 1081 fides
637 1028 835 1101 seruataque
858 1018 944 1082 ferro

109 1120 251 1184 militiae
275 1119 391 1203 pietas,
414 1120 569 1184 transibit
592 1131 706 1185 nostra
728 1122 904 1199 iuuentus;

110 1243 258 1307 namque
281 1221 349 1286 suis
373 1243 434 1305 pro
457 1232 491 1287 te
513 1222 635 1306 gladiis
658 1224 859 1303 incumbere,
885 1224 1017 1302 Caesar,
1088 1240 1151 1308 500

109 1347 185 1390 esse
208 1346 326 1409 parurn
350 1326 490 1390 scimus:
520 1328 579 1391 sed
604 1348 670 1391 non
694 1329 821 1393 maiora
843 1339 1021 1414 supersunt

109 1431 257 1497 obsessis
279 1431 365 1495 tanti
388 1451 474 1513 quae
497 1431 639 1515 pignora
660 1433 779 1513 demus
802 1433 933 1496 amoris

110 1537 257 1602 abscidit
279 1546 413 1601 nostrae
436 1536 579 1601 multum
602 1558 673 1601 sors
697 1538 811 1601 inuida
833 1537 923 1602 laudi

110 1638 204 1721 quod
228 1659 294 1702 non
318 1659 395 1703 cum
418 1637 554 1702 senibus
577 1640 665 1723 capti
689 1640 843 1723 natisque
865 1649 1026 1705 tenemur.

109 1739 295 1805 indomitos
318 1741 402 1805 sciat
424 1762 497 1805 esse
520 1743 609 1805 uiros
632 1742 817 1825 timeatque
839 1742 978 1808 furentis
1087 1757 1148 1826 505

109 1854 146 1909 et
171 1845 271 1911 morti
293 1845 407 1910 faciles
429 1848 569 1926 animos,
591 1857 625 1911 et
648 1849 794 1930 gaudeat
817 1848 923 1913 hostis

111 1969 182 2014 non
205 1949 316 2033 plures
338 1950 484 2016 haesisse
507 1961 603 2016 rates.
648 1961 815 2034 temptare
836 1952 1003 2035 parabunt

111 2052 304 2119 foederibus
326 2056 481 2139 turpique
504 2055 618 2121 uolent
641 2077 852 2140 corrumpere
874 2057 952 2121 uita.

110 2179 134 2222 o
158 2159 296 2236 utinam,
319 2181 387 2242 quo
409 2160 485 2243 plus
508 2160 631 2225 habeat
654 2181 744 2224 mors
767 2161 866 2224 unica
889 2159 1007 2239 famae,

112 2264 315 2348 promittant
337 2265 470 2330 ueniam
494 2263 630 2329 iubeant
653 2285 786 2347 sperare
808 2263 961 2343 salutern,
1088 2279 1152 2347 510

111 2389 155 2433 ne
178 2390 248 2445 nos,
271 2390 347 2434 cum
371 2369 482 2434 calido
505 2368 671 2433 fodiemus
694 2370 822 2434 uiscera
846 2368 940 2444 ferro,

111 2473 307 2554 desperasse
330 2481 457 2556 putent.
502 2493 625 2556 magna
648 2473 770 2537 uirtute
794 2474 988 2537 merendum
1012 2482 1072 2549 est,

113 2576 239 2643 Caesar
262 2585 298 2641 ut
321 2578 453 2641 amissis
477 2578 563 2642 inter
585 2587 636 2642 tot
660 2576 751 2642 milia
775 2577 891 2660 paucis
950 2562 956 2569 ⁸

111 2681 177 2747 hoc
199 2683 361 2746 damnum
385 2681 583 2766 clademque
606 2690 714 2747 uocet.
759 2683 840 2745 dent
863 2681 932 2746 fata
955 2702 1120 2746 recessum

111 2787 338 2870 emittantque
360 2785 446 2864 licet,
471 2789 576 2852 uitare
599 2787 759 2851 instantia
784 2787 895 2851 nolim.
1043 2784 1044 2787 ’
1088 2800 1147 2869 515

112 2892 238 2977 proieci
261 2891 376 2968 uitam,
397 2893 546 2971 comites,
569 2902 727 2974 totusque
750 2891 880 2956 futurae

112 2996 231 3060 mortis
253 3017 336 3080 agor
357 2995 521 3060 stimulis:
551 2995 642 3060 furor
664 3004 726 3059 est.
771 3015 952 3079 agnoscere
974 2993 1052 3058 solis

57 3204 115 3260 495.
147 3191 256 3253 deamo]
267 3191 308 3241 ie.
319 3192 381 3242 both
394 3192 437 3242 the
448 3208 538 3256 enemy
549 3191 613 3242 from
652 3209 694 3243 are
706 3209 744 3243 we
754 3192 819 3242 have
831 3208 865 3242 no
875 3198 974 3256 greater
982 3192 1085 3257 pledges
1093 3192 1137 3242 len
1147 3200 1174 3243 to
1181 3195 1239 3258 give

47 3271 71 3309 te
86 3258 175 3307 shores
197 3256 227 3305 of
242 3257 285 3307 the
304 3258 393 3317 island,
416 3259 466 3307 aud
485 3275 530 3307 our
547 3274 614 3308 com·
652 3258 682 3308 of
689 3275 735 3309 our
747 3258 884 3321 exceeding
895 3256 972 3306 love'.

47 3322 108 3382 sdes,
122 3323 181 3371 who
197 3323 262 3372 have
278 3324 393 3388 escaped‚
406 3322 469 3373 from
488 3324 530 3373 the
547 3324 614 3373 main
686 3323 742 3387 506.
776 3325 853 3372 morti
859 3322 962 3387 faciles]
975 3323 1063 3386 ‘ready
1073 3330 1101 3372 to
1119 3324 1238 3374 welcome

47 3389 95 3438 nd.
136 3387 171 3437 cf.
194 3388 272 3451 Verg.
295 3388 328 3436 G.
350 3400 384 3438 111
409 3403 448 3453 32,
473 3404 502 3453 33
523 3396 547 3438 et
567 3391 616 3439 duo
652 3388 749 3439 death’.
783 3389 851 3438 Oud.
872 3388 903 3437 cf.
924 3388 969 3438 Sil.
991 3388 1049 3437 Ital.
1070 3400 1107 3437 xv
1129 3392 1176 3450 718
1195 3406 1239 3439 nec

47 3460 101 3530 epa
112 3469 192 3502 mnu
203 3453 302 3503 diuerso
311 3470 342 3502 ex
352 3454 418 3503 hoste
425 3461 524 3517 tropaca
532 3455 616 3519 bisque
651 3455 699 3504 soli
701 3454 800 3517 faciles,
814 3454 875 3503 used
886 3452 916 3502 of
924 3453 966 3503 the
978 3452 1058 3502 Celts.

47 3519 196 3582 sumptam
206 3525 310 3583 utroque
320 3519 350 3566 ab
360 3520 431 3568 litore
437 3526 528 3582 gentes.
686 3523 742 3583 508.
775 3519 948 3583 turpi...uita]
973 3518 1021 3582 ‘by
1038 3518 1081 3568 the
1098 3519 1160 3569 oller
1176 3519 1206 3569 of
1220 3536 1235 3568 a

60 3585 118 3660 498.
146 3584 380 3649 smataqmsmo]
390 3584 510 3648 ‘military
520 3584 615 3649 fidelity
651 3585 821 3634 dishonoured
833 3584 898 3633 life’.

47 3648 182 3698 urntained
205 3649 240 3712 by
259 3649 302 3698 the
321 3648 424 3709 sword',
446 3651 490 3699 i.e.
510 3650 615 3699 soldiers
687 3667 742 3712 511.
765 3650 855 3712 calido]
870 3648 961 3713 ‘fiery',
977 3647 1113 3712 ‘spirited'.
1146 3649 1177 3698 cf.
1190 3649 1237 3699 Sil.

47 3714 128 3777 mally
134 3728 213 3778 prove
224 3714 289 3763 their
300 3714 397 3778 fidelity
406 3723 432 3764 to
444 3715 509 3764 their
520 3715 616 3765 leaders
655 3715 712 3765 Ital.
733 3727 771 3763 xv
792 3729 838 3778 337
858 3715 984 3778 calidoque
999 3714 1112 3762 habitata
1126 3716 1239 3765 Gradiuo

47 3778 224 3893 ymffitlpleir
234 3779 330 3829 swords
344 3781 508 3894 againztnthp)
516 3797 612 3856 enemy,
647 3788 753 3895 patara,
767 3797 796 3829 or
812 3781 831 3831 it
848 3797 906 3844 may
922 3780 954 3829 be
970 3779 1046 3829 taken
1064 3780 1238 3845 proleptioally

47 3858 102 3895 tes
191 3859 385 3895 osonroresr
543 3861 598 3895 usm
653 3851 733 3896 ‘reer
774 3848 789 3893 '.

47 3910 208 3974 bemagalnst
219 3910 281 3958 each
293 3910 372 3959 other.
386 3861 419 3910 gn
456 3862 472 3909 y
508 3862 524 3909 y
599 3862 616 3910 g
686 3863 768 3975 514Ϊ18
778 3910 904 3972 recessum]
918 3913 1016 3959 ‘means
1027 3908 1057 3958 of
1065 3910 1176 3959 retreat'.

61 3989 120 4040 499.
153 3974 284 4036 tranu'br't]
304 3975 370 4024 ‘will
386 3975 509 4040 surpass'.
543 3975 575 4025 cf.
593 3989 615 4026 11
687 3976 743 4039 516.
772 3977 877 4042 proieci]
900 3976 931 4025 cf.
959 3976 1035 4040 Verg.
1061 3977 1126 4024 Aen.
1143 3987 1171 4023 vl
1189 3989 1236 4039 435

47 4038 85 4103 ⁶⁵·
653 4043 780 4104 lucemque
796 4044 879 4107 perosi
892 4042 1013 4106 proiecere
1033 4041 1143 4089 animas.
1178 4041 1237 4090 Sen.

60 4119 119 4169 5⁰0.
154 4104 221 4165 suis]
246 4120 281 4155 sc.
305 4107 397 4155 nostris
424 4107 541 4170 ipsorum.
582 4106 613 4156 cf.
654 4108 720 4157 Oed.
746 4123 791 4171 ¹93
813 4108 859 4184 qui
871 4108 932 4171 sata
948 4106 1105 4169 proculcauit
1123 4122 1152 4153 ac
1171 4108 1238 4156 uitae

47 4170 106 4236 'erg
125 4171 193 4220 Aen.
212 4172 618 4249 v1473quirquesuospatimrfr
654 4173 716 4222 bona
727 4174 834 4249 profecit
850 4179 924 4236 atque
939 4171 1042 4219 abscriiit
1057 4178 1081 4219 et
1096 4187 1167 4218 casus
1181 4187 1238 4220 suos

47 4252 123 4358 ’ἷὲῗζ
138 4237 616 4367 Tlffilfllxl'enssoealfellflffl'affl
653 4246 851 4367 onmem
868 4302 911 4362 est]
931 4301 984 4351 uus
1004 4299 1120 4376 inspired·
1133 4300 1237 4376 (renzy’.

47 4368 172 4432 lmwfrl
185 4369 260 4429 φρεσὶ
271 4365 468 4430 βάλλομαιᾶρτι.
654 4368 687 4418 cf.
708 4369 762 4418 Cic.
780 4370 812 4418 de
834 4367 886 4416 div.
908 4380 916 4416 1
939 4368 953 4426 5
976 4365 1008 4416 66
1028 4367 1091 4415 inest
1108 4373 1189 4429 agatur
1209 4368 1237 4416 in

57 4448 116 4498 501·
150 4433 194 4481 sed
210 4431 271 4493 non]
294 4433 350 4483 ‘but
370 4433 511 4484 bloclraded
531 4449 559 4483 as
578 4449 616 4483 we
655 4434 749 4484 animis
752 4434 901 4499 praesagtlio
909 4432 1058 4481 extrinsecus
1067 4431 1158 4480 iniecta
1165 4439 1239 4496 atque
