<?xml version="1.0" encoding="UTF-8"?>
<!DOCTYPE html PUBLIC "-//W3C//DTD XHTML 1.0 Transitional//EN"
    "http://www.w3.org/TR/xhtml1/DTD/xhtml1-transitional.dtd">
<html xmlns="http://www.w3.org/1999/xhtml" xml:lang="en" lang="en">
 <head>
  <title>
</title>
<meta http-equiv="Content-Type" content="text/html;charset=utf-8" />
  <meta name='ocr-system' content='tesseract 3.04.00' />
  <meta name='ocr-capabilities' content='ocr_page ocr_carea ocr_par ocr_line ocrx_word'/>
</head>
<body>
  <div class='ocr_page' id='page_1' title='image "./mannaeilucaniph00haskgoog_0024.png"; bbox 0 0 2746 4884; ppageno 0'>
   <div class='ocr_carea' id='block_1_1' title="bbox 282 345 1222 412">
    <p class='ocr_par' dir='ltr' id='par_1_1' title="bbox 282 345 1222 412">
     <span class='ocr_line' id='line_1_1' title="bbox 282 345 1222 412; baseline -0.006 0"><span class='ocrx_word' id='word_1_1' title='bbox 282 346 554 412; x_wconf 83' lang='lat' dir='ltr'><em>GENETHLIA</em></span> <span class='ocrx_word' id='word_1_2' title='bbox 561 350 657 412; x_wconf 86' lang='lat' dir='ltr'>CON</span> <span class='ocrx_word' id='word_1_3' title='bbox 684 350 747 410; x_wconf 88' lang='lat' dir='ltr'>OF</span> <span class='ocrx_word' id='word_1_4' title='bbox 769 348 852 409; x_wconf 80' lang='lat' dir='ltr'>STA</span> <span class='ocrx_word' id='word_1_5' title='bbox 859 349 908 409; x_wconf 89' lang='lat' dir='ltr'>TI</span> <span class='ocrx_word' id='word_1_6' title='bbox 910 345 965 410; x_wconf 85' lang='lat' dir='ltr'>US</span> <span class='ocrx_word' id='word_1_7' title='bbox 1185 365 1222 407; x_wconf 99' lang='lat' dir='ltr'>xv</span> 
     </span>
    </p>
   </div>
   <div class='ocr_carea' id='block_1_2' title="bbox 66 514 1224 918">
    <p class='ocr_par' dir='ltr' id='par_1_2' title="bbox 66 514 1224 918">
     <span class='ocr_line' id='line_1_2' title="bbox 67 514 1222 584; baseline 0.006 -21"><span class='ocrx_word' id='word_1_8' title='bbox 67 515 196 569; x_wconf 79' lang='lat' dir='ltr'>ustuteius</span> <span class='ocrx_word' id='word_1_9' title='bbox 207 524 235 569; x_wconf 91' lang='lat' dir='ltr'>et</span> <span class='ocrx_word' id='word_1_10' title='bbox 246 515 295 568; x_wconf 88' lang='lat' dir='ltr'>alii</span> <span class='ocrx_word' id='word_1_11' title='bbox 308 514 467 584; x_wconf 88' lang='lat' dir='ltr'>complures</span> <span class='ocrx_word' id='word_1_12' title='bbox 480 525 510 568; x_wconf 89' lang='lat' dir='ltr'>ut</span> <span class='ocrx_word' id='word_1_13' title='bbox 521 514 638 583; x_wconf 90' lang='lat' dir='ltr'>lliacon,</span> <span class='ocrx_word' id='word_1_14' title='bbox 653 514 822 583; x_wconf 80' lang='lat' dir='ltr'>Saturnalia,</span> <span class='ocrx_word' id='word_1_15' title='bbox 832 515 1071 584; x_wconf 88' lang='lat' dir='ltr'>Catacbthonion,</span> <span class='ocrx_word' id='word_1_16' title='bbox 1082 517 1222 570; x_wconf 87' lang='lat' dir='ltr'>Silvarum</span> 
     </span>
     <span class='ocr_line' id='line_1_3' title="bbox 67 601 1221 674; baseline 0.001 -17"><span class='ocrx_word' id='word_1_17' title='bbox 67 603 210 669; x_wconf 66' lang='lat' dir='ltr'>ttagoedia</span> <span class='ocrx_word' id='word_1_18' title='bbox 232 603 339 658; x_wconf 88' lang='lat' dir='ltr'>Medea</span> <span class='ocrx_word' id='word_1_19' title='bbox 360 601 533 672; x_wconf 83' lang='lat' dir='ltr'>imperfecta,</span> <span class='ocrx_word' id='word_1_20' title='bbox 557 602 681 657; x_wconf 87' lang='lat' dir='ltr'>Saiticae</span> <span class='ocrx_word' id='word_1_21' title='bbox 704 602 817 657; x_wconf 78' lang='lat' dir='ltr'>fabulae</span> <span class='ocrx_word' id='word_1_22' title='bbox 842 614 906 671; x_wconf 79' lang='lat' dir='ltr'>xw,</span> <span class='ocrx_word' id='word_1_23' title='bbox 931 613 960 658; x_wconf 93' lang='lat' dir='ltr'>et</span> <span class='ocrx_word' id='word_1_24' title='bbox 980 602 1221 674; x_wconf 88' lang='lat' dir='ltr'>†hippamata†¹:</span> 
     </span>
     <span class='ocr_line' id='line_1_4' title="bbox 66 687 1224 761; baseline 0.003 -20"><span class='ocrx_word' id='word_1_25' title='bbox 66 690 239 751; x_wconf 68' lang='lat' dir='ltr'>vesontione</span> <span class='ocrx_word' id='word_1_26' title='bbox 253 691 283 744; x_wconf 90' lang='lat' dir='ltr'>in</span> <span class='ocrx_word' id='word_1_27' title='bbox 303 689 455 744; x_wconf 89' lang='lat' dir='ltr'>Octavium</span> <span class='ocrx_word' id='word_1_28' title='bbox 476 687 633 758; x_wconf 82' lang='lat' dir='ltr'>Sagittam²</span> <span class='ocrx_word' id='word_1_29' title='bbox 649 699 677 743; x_wconf 91' lang='lat' dir='ltr'>et</span> <span class='ocrx_word' id='word_1_30' title='bbox 695 706 747 759; x_wconf 91' lang='lat' dir='ltr'>pro</span> <span class='ocrx_word' id='word_1_31' title='bbox 763 706 807 756; x_wconf 93' lang='lat' dir='ltr'>eo,</span> <span class='ocrx_word' id='word_1_32' title='bbox 820 689 856 742; x_wconf 91' lang='lat' dir='ltr'>de</span> <span class='ocrx_word' id='word_1_33' title='bbox 875 689 1006 745; x_wconf 89' lang='lat' dir='ltr'>incendio</span> <span class='ocrx_word' id='word_1_34' title='bbox 1021 691 1108 758; x_wconf 90' lang='lat' dir='ltr'>urbis,</span> <span class='ocrx_word' id='word_1_35' title='bbox 1121 690 1224 761; x_wconf 93' lang='lat' dir='ltr'>episto-</span> 
     </span>
     <span class='ocr_line' id='line_1_5' title="bbox 66 769 1222 846; baseline 0.004 -19"><span class='ocrx_word' id='word_1_36' title='bbox 66 769 162 829; x_wconf 77' lang='lat' dir='ltr'>hrum&#39;ex</span> <span class='ocrx_word' id='word_1_37' title='bbox 179 775 337 846; x_wconf 86' lang='lat' dir='ltr'>Campania</span> <span class='ocrx_word' id='word_1_38' title='bbox 347 799 355 842; x_wconf 90' lang='lat'>;</span> <span class='ocrx_word' id='word_1_39' title='bbox 373 791 432 829; x_wconf 89' lang='lat' dir='ltr'>non</span> <span class='ocrx_word' id='word_1_40' title='bbox 453 774 616 830; x_wconf 81' lang='lat' dir='ltr'>fastidiendi</span> <span class='ocrx_word' id='word_1_41' title='bbox 636 776 752 845; x_wconf 90' lang='lat' dir='ltr'>quidem</span> <span class='ocrx_word' id='word_1_42' title='bbox 770 792 880 843; x_wconf 89' lang='lat' dir='ltr'>omnes,</span> <span class='ocrx_word' id='word_1_43' title='bbox 898 776 970 831; x_wconf 85' lang='lat' dir='ltr'>tales</span> <span class='ocrx_word' id='word_1_44' title='bbox 988 787 1084 832; x_wconf 88' lang='lat' dir='ltr'>tamen</span> <span class='ocrx_word' id='word_1_45' title='bbox 1105 787 1136 832; x_wconf 91' lang='lat' dir='ltr'>ut</span> <span class='ocrx_word' id='word_1_46' title='bbox 1154 777 1222 832; x_wconf 89' lang='lat' dir='ltr'>belli</span> 
     </span>
     <span class='ocr_line' id='line_1_6' title="bbox 66 858 410 918; baseline 0.017 -8"><span class='ocrx_word' id='word_1_47' title='bbox 66 858 120 914; x_wconf 77' lang='lat' dir='ltr'>iulis</span> <span class='ocrx_word' id='word_1_48' title='bbox 128 863 261 918; x_wconf 89' lang='lat' dir='ltr'>videantur</span> <span class='ocrx_word' id='word_1_49' title='bbox 273 862 410 918; x_wconf 89' lang='lat' dir='ltr'>accessio.</span> 
     </span>
    </p>
   </div>
   <div class='ocr_carea' id='block_1_3' title="bbox 65 1022 1223 1446">
    <p class='ocr_par' dir='ltr' id='par_1_3' title="bbox 65 1022 1223 1446">
     <span class='ocr_line' id='line_1_7' title="bbox 93 1022 1220 1096; baseline 0 -14"><span class='ocrx_word' id='word_1_50' title='bbox 93 1022 129 1093; x_wconf 76' lang='grc'>(8)</span> <span class='ocrx_word' id='word_1_51' title='bbox 157 1025 274 1083; x_wconf 67' lang='lat' dir='ltr'>Statius</span> <span class='ocrx_word' id='word_1_52' title='bbox 290 1026 319 1080; x_wconf 92' lang='lat' dir='ltr'>in</span> <span class='ocrx_word' id='word_1_53' title='bbox 336 1026 450 1096; x_wconf 84' lang='lat' dir='ltr'>preface</span> <span class='ocrx_word' id='word_1_54' title='bbox 465 1036 495 1081; x_wconf 93' lang='lat' dir='ltr'>to</span> <span class='ocrx_word' id='word_1_55' title='bbox 515 1026 591 1081; x_wconf 87' lang='lat' dir='ltr'>book</span> <span class='ocrx_word' id='word_1_56' title='bbox 610 1038 634 1080; x_wconf 91' lang='lat'>11</span> <span class='ocrx_word' id='word_1_57' title='bbox 655 1024 687 1080; x_wconf 81' lang='lat' dir='ltr'>oi</span> <span class='ocrx_word' id='word_1_58' title='bbox 705 1027 754 1082; x_wconf 89' lang='lat' dir='ltr'>the</span> <span class='ocrx_word' id='word_1_59' title='bbox 774 1027 876 1082; x_wconf 84' lang='lat' dir='ltr'>Silvae</span> <span class='ocrx_word' id='word_1_60' title='bbox 893 1044 958 1096; x_wconf 82' lang='lat' dir='ltr'>says</span> <span class='ocrx_word' id='word_1_61' title='bbox 977 1028 1068 1083; x_wconf 83' lang='lat' dir='ltr'>cludit</span> <span class='ocrx_word' id='word_1_62' title='bbox 1087 1028 1220 1082; x_wconf 80' lang='lat' dir='ltr'>volumen</span> 
     </span>
     <span class='ocr_line' id='line_1_8' title="bbox 65 1112 1223 1184; baseline 0.001 -15"><span class='ocrx_word' id='word_1_63' title='bbox 65 1112 200 1169; x_wconf 66' lang='lat' dir='ltr'>fmtllrhcon</span> <span class='ocrx_word' id='word_1_64' title='bbox 213 1114 334 1182; x_wconf 82' lang='lat' dir='ltr'>Lucani,</span> <span class='ocrx_word' id='word_1_65' title='bbox 348 1114 427 1184; x_wconf 84' lang='lat' dir='ltr'>quod</span> <span class='ocrx_word' id='word_1_66' title='bbox 435 1113 520 1168; x_wconf 85' lang='lat' dir='ltr'>Polla</span> <span class='ocrx_word' id='word_1_67' title='bbox 536 1115 725 1184; x_wconf 80' lang='lat' dir='ltr'>Argentaria,</span> <span class='ocrx_word' id='word_1_68' title='bbox 739 1114 901 1169; x_wconf 80' lang='lat' dir='ltr'>clan&#39;ssima</span> <span class='ocrx_word' id='word_1_69' title='bbox 920 1133 1052 1184; x_wconf 78' lang='lat' dir='ltr'>uxomm,</span> <span class='ocrx_word' id='word_1_70' title='bbox 1067 1133 1130 1170; x_wconf 88' lang='lat' dir='ltr'>cum</span> <span class='ocrx_word' id='word_1_71' title='bbox 1145 1115 1223 1170; x_wconf 78' lang='lat' dir='ltr'>hunc</span> 
     </span>
     <span class='ocr_line' id='line_1_9' title="bbox 65 1195 1220 1272; baseline 0.005 -22"><span class='ocrx_word' id='word_1_72' title='bbox 65 1195 104 1250; x_wconf 76' lang='lat' dir='ltr'>i&#39;evr</span> <span class='ocrx_word' id='word_1_73' title='bbox 114 1201 178 1268; x_wconf 75' lang='lat' dir='ltr'>sorte</span> <span class='ocrx_word' id='word_1_74' title='bbox 199 1217 433 1268; x_wconf 79' lang='lat' dir='ltr'>consecraremus,</span> <span class='ocrx_word' id='word_1_75' title='bbox 452 1201 597 1270; x_wconf 75' lang='lat' dir='ltr'>imputari</span> <span class='ocrx_word' id='word_1_76' title='bbox 618 1201 677 1254; x_wconf 83' lang='lat' dir='ltr'>sibi</span> <span class='ocrx_word' id='word_1_77' title='bbox 694 1199 796 1256; x_wconf 82' lang='lat' dir='ltr'>voluit.</span> <span class='ocrx_word' id='word_1_78' title='bbox 841 1219 891 1272; x_wconf 83' lang='lat' dir='ltr'>ego</span> <span class='ocrx_word' id='word_1_79' title='bbox 910 1219 967 1256; x_wconf 85' lang='lat' dir='ltr'>non</span> <span class='ocrx_word' id='word_1_80' title='bbox 980 1204 1069 1272; x_wconf 76' lang='lat' dir='ltr'>potui</span> <span class='ocrx_word' id='word_1_81' title='bbox 1086 1205 1220 1257; x_wconf 70' lang='lat' dir='ltr'>›naiorem</span> 
     </span>
     <span class='ocr_line' id='line_1_10' title="bbox 65 1287 1219 1359; baseline 0.008 -24"><span class='ocrx_word' id='word_1_82' title='bbox 65 1287 221 1342; x_wconf 72' lang='lat' dir='ltr'>hstiauctons</span> <span class='ocrx_word' id='word_1_83' title='bbox 235 1287 337 1342; x_wconf 78' lang='lat' dir='ltr'>habere</span> <span class='ocrx_word' id='word_1_84' title='bbox 352 1288 541 1342; x_wconf 80' lang='lat' dir='ltr'>reverentiam</span> <span class='ocrx_word' id='word_1_85' title='bbox 556 1304 644 1358; x_wconf 84' lang='lat' dir='ltr'>quam</span> <span class='ocrx_word' id='word_1_86' title='bbox 663 1288 742 1359; x_wconf 86' lang='lat' dir='ltr'>quod</span> <span class='ocrx_word' id='word_1_87' title='bbox 756 1289 855 1343; x_wconf 84' lang='lat' dir='ltr'>laudes</span> <span class='ocrx_word' id='word_1_88' title='bbox 873 1291 934 1344; x_wconf 83' lang='lat' dir='ltr'>cius</span> <span class='ocrx_word' id='word_1_89' title='bbox 948 1289 1079 1344; x_wconf 74' lang='lat' dir='ltr'>dr&#39;cturus</span> <span class='ocrx_word' id='word_1_90' title='bbox 1092 1289 1219 1344; x_wconf 81' lang='lat' dir='ltr'>hexame-</span> 
     </span>
     <span class='ocr_line' id='line_1_11' title="bbox 65 1372 761 1446; baseline 0.013 -23"><span class='ocrx_word' id='word_1_91' title='bbox 65 1385 156 1428; x_wconf 79' lang='lat' dir='ltr'>rrsvvos</span> <span class='ocrx_word' id='word_1_92' title='bbox 165 1377 257 1430; x_wconf 84' lang='lat' dir='ltr'>timui.</span> <span class='ocrx_word' id='word_1_93' title='bbox 294 1375 358 1430; x_wconf 82' lang='lat' dir='ltr'>The</span> <span class='ocrx_word' id='word_1_94' title='bbox 370 1391 456 1444; x_wconf 91' lang='lat' dir='ltr'>poem</span> <span class='ocrx_word' id='word_1_95' title='bbox 467 1372 505 1445; x_wconf 91' lang='lat'>[11</span> <span class='ocrx_word' id='word_1_96' title='bbox 519 1372 548 1446; x_wconf 88' lang='lat'>7]</span> <span class='ocrx_word' id='word_1_97' title='bbox 562 1375 586 1429; x_wconf 87' lang='lat' dir='ltr'>is</span> <span class='ocrx_word' id='word_1_98' title='bbox 599 1391 632 1429; x_wconf 88' lang='lat' dir='ltr'>as</span> <span class='ocrx_word' id='word_1_99' title='bbox 643 1375 761 1432; x_wconf 85' lang='lat' dir='ltr'>follows.</span> 
     </span>
    </p>
   </div>
   <div class='ocr_carea' id='block_1_4' title="bbox 248 1502 910 4288">
    <p class='ocr_par' dir='ltr' id='par_1_4' title="bbox 250 1502 861 3485">
     <span class='ocr_line' id='line_1_12' title="bbox 312 1502 857 1575; baseline 0.006 -18"><span class='ocrx_word' id='word_1_100' title='bbox 312 1503 420 1558; x_wconf 88' lang='lat' dir='ltr'>Lucani</span> <span class='ocrx_word' id='word_1_101' title='bbox 438 1502 584 1573; x_wconf 90' lang='lat' dir='ltr'>proprium</span> <span class='ocrx_word' id='word_1_102' title='bbox 602 1503 679 1558; x_wconf 90' lang='lat' dir='ltr'>diem</span> <span class='ocrx_word' id='word_1_103' title='bbox 696 1504 857 1575; x_wconf 85' lang='lat' dir='ltr'>frequentet</span> 
     </span>
     <span class='ocr_line' id='line_1_13' title="bbox 256 1589 814 1663; baseline 0.002 -19"><span class='ocrx_word' id='word_1_104' title='bbox 256 1589 386 1663; x_wconf 90' lang='lat' dir='ltr'>quisquis</span> <span class='ocrx_word' id='word_1_105' title='bbox 405 1590 526 1645; x_wconf 92' lang='lat' dir='ltr'>collibus</span> <span class='ocrx_word' id='word_1_106' title='bbox 547 1590 685 1645; x_wconf 88' lang='lat' dir='ltr'>Isthmiae</span> <span class='ocrx_word' id='word_1_107' title='bbox 704 1592 814 1646; x_wconf 91' lang='lat' dir='ltr'>Diones</span> 
     </span>
     <span class='ocr_line' id='line_1_14' title="bbox 256 1679 767 1749; baseline 0.002 -16"><span class='ocrx_word' id='word_1_108' title='bbox 256 1679 343 1733; x_wconf 93' lang='lat' dir='ltr'>docto</span> <span class='ocrx_word' id='word_1_109' title='bbox 362 1688 476 1749; x_wconf 83' lang='lat' dir='ltr'>pectora</span> <span class='ocrx_word' id='word_1_110' title='bbox 495 1679 654 1734; x_wconf 88' lang='lat' dir='ltr'>concitatus</span> <span class='ocrx_word' id='word_1_111' title='bbox 673 1689 767 1734; x_wconf 91' lang='lat' dir='ltr'>oestro</span> 
     </span>
     <span class='ocr_line' id='line_1_15' title="bbox 256 1765 806 1838; baseline 0.004 -19"><span class='ocrx_word' id='word_1_112' title='bbox 256 1766 409 1835; x_wconf 86' lang='lat' dir='ltr'>pendentis</span> <span class='ocrx_word' id='word_1_113' title='bbox 427 1765 500 1820; x_wconf 90' lang='lat' dir='ltr'>bibit</span> <span class='ocrx_word' id='word_1_114' title='bbox 517 1766 641 1836; x_wconf 84' lang='lat' dir='ltr'>ungulae</span> <span class='ocrx_word' id='word_1_115' title='bbox 659 1766 806 1838; x_wconf 92' lang='lat' dir='ltr'>liquorem.</span> 
     </span>
     <span class='ocr_line' id='line_1_16' title="bbox 256 1851 836 1924; baseline 0.005 -19"><span class='ocrx_word' id='word_1_116' title='bbox 256 1851 320 1924; x_wconf 90' lang='lat' dir='ltr'>ipsi,</span> <span class='ocrx_word' id='word_1_117' title='bbox 339 1868 410 1921; x_wconf 92' lang='lat' dir='ltr'>quos</span> <span class='ocrx_word' id='word_1_118' title='bbox 430 1868 517 1922; x_wconf 91' lang='lat' dir='ltr'>penes</span> <span class='ocrx_word' id='word_1_119' title='bbox 536 1861 578 1906; x_wconf 91' lang='lat' dir='ltr'>est</span> <span class='ocrx_word' id='word_1_120' title='bbox 596 1853 689 1908; x_wconf 89' lang='lat' dir='ltr'>honor</span> <span class='ocrx_word' id='word_1_121' title='bbox 706 1853 836 1921; x_wconf 91' lang='lat' dir='ltr'>canendi,</span> 
     </span>
     <span class='ocr_line' id='line_1_17' title="bbox 258 1938 772 2010; baseline 0.004 -17"><span class='ocrx_word' id='word_1_122' title='bbox 258 1938 366 1993; x_wconf 88' lang='lat' dir='ltr'>vocalis</span> <span class='ocrx_word' id='word_1_123' title='bbox 385 1938 511 1994; x_wconf 88' lang='lat' dir='ltr'>citharae</span> <span class='ocrx_word' id='word_1_124' title='bbox 529 1949 654 2010; x_wconf 90' lang='lat' dir='ltr'>repertor</span> <span class='ocrx_word' id='word_1_125' title='bbox 672 1941 772 2010; x_wconf 88' lang='lat' dir='ltr'>Arcas,</span> 
     </span>
     <span class='ocr_line' id='line_1_18' title="bbox 255 2027 797 2096; baseline 0.002 -14"><span class='ocrx_word' id='word_1_126' title='bbox 255 2036 285 2082; x_wconf 94' lang='lat' dir='ltr'>et</span> <span class='ocrx_word' id='word_1_127' title='bbox 302 2035 333 2080; x_wconf 91' lang='lat' dir='ltr'>tu</span> <span class='ocrx_word' id='word_1_128' title='bbox 354 2027 540 2080; x_wconf 90' lang='lat' dir='ltr'>Bassaridum</span> <span class='ocrx_word' id='word_1_129' title='bbox 557 2037 665 2082; x_wconf 90' lang='lat' dir='ltr'>rotator</span> <span class='ocrx_word' id='word_1_130' title='bbox 684 2029 797 2096; x_wconf 88' lang='lat' dir='ltr'>Euhan,</span> 
     </span>
     <span class='ocr_line' id='line_1_19' title="bbox 255 2114 740 2182; baseline 0.004 -13"><span class='ocrx_word' id='word_1_131' title='bbox 255 2124 283 2169; x_wconf 90' lang='lat' dir='ltr'>et</span> <span class='ocrx_word' id='word_1_132' title='bbox 304 2114 399 2168; x_wconf 86' lang='lat' dir='ltr'>Paean</span> <span class='ocrx_word' id='word_1_133' title='bbox 417 2122 446 2168; x_wconf 90' lang='lat' dir='ltr'>et</span> <span class='ocrx_word' id='word_1_134' title='bbox 466 2114 610 2182; x_wconf 87' lang='lat' dir='ltr'>Hyantiae</span> <span class='ocrx_word' id='word_1_135' title='bbox 628 2132 740 2171; x_wconf 91' lang='lat' dir='ltr'>sorores</span> 
     </span>
     <span class='ocr_line' id='line_1_20' title="bbox 255 2201 754 2271; baseline 0.004 -15"><span class='ocrx_word' id='word_1_136' title='bbox 255 2201 347 2256; x_wconf 86' lang='lat' dir='ltr'>laetae</span> <span class='ocrx_word' id='word_1_137' title='bbox 365 2216 521 2271; x_wconf 91' lang='lat' dir='ltr'>purpureas</span> <span class='ocrx_word' id='word_1_138' title='bbox 540 2211 643 2257; x_wconf 90' lang='lat' dir='ltr'>novate</span> <span class='ocrx_word' id='word_1_139' title='bbox 660 2203 754 2271; x_wconf 88' lang='lat' dir='ltr'>vittas,</span> 
     </span>
     <span class='ocr_line' id='line_1_21' title="bbox 256 2288 852 2360; baseline 0.003 -17"><span class='ocrx_word' id='word_1_140' title='bbox 256 2290 364 2344; x_wconf 89' lang='lat' dir='ltr'>crinem</span> <span class='ocrx_word' id='word_1_141' title='bbox 383 2288 496 2354; x_wconf 89' lang='lat' dir='ltr'>comite,</span> <span class='ocrx_word' id='word_1_142' title='bbox 515 2288 724 2360; x_wconf 84' lang='lat' dir='ltr'>candidamque</span> <span class='ocrx_word' id='word_1_143' title='bbox 742 2300 852 2345; x_wconf 89' lang='lat' dir='ltr'>vestem</span> 
     </span>
     <span class='ocr_line' id='line_1_22' title="bbox 253 2376 759 2447; baseline 0.008 -17"><span class='ocrx_word' id='word_1_144' title='bbox 253 2376 424 2447; x_wconf 86' lang='lat' dir='ltr'>perfundant</span> <span class='ocrx_word' id='word_1_145' title='bbox 442 2376 565 2432; x_wconf 91' lang='lat' dir='ltr'>hederae</span> <span class='ocrx_word' id='word_1_146' title='bbox 583 2378 759 2434; x_wconf 88' lang='lat' dir='ltr'>recentiores.</span> 
     </span>
     <span class='ocr_line' id='line_1_23' title="bbox 255 2463 756 2533; baseline 0.006 -14"><span class='ocrx_word' id='word_1_147' title='bbox 255 2464 332 2519; x_wconf 90' lang='lat' dir='ltr'>docti</span> <span class='ocrx_word' id='word_1_148' title='bbox 350 2463 457 2533; x_wconf 86' lang='lat' dir='ltr'>largius</span> <span class='ocrx_word' id='word_1_149' title='bbox 476 2473 631 2533; x_wconf 85' lang='lat' dir='ltr'>evagentur</span> <span class='ocrx_word' id='word_1_150' title='bbox 648 2482 756 2533; x_wconf 87' lang='lat' dir='ltr'>amnes,</span> 
     </span>
     <span class='ocr_line' id='line_1_24' title="bbox 254 2550 712 2623; baseline -0.002 -15"><span class='ocrx_word' id='word_1_151' title='bbox 254 2561 283 2608; x_wconf 90' lang='lat' dir='ltr'>et</span> <span class='ocrx_word' id='word_1_152' title='bbox 301 2550 365 2622; x_wconf 89' lang='lat' dir='ltr'>pius</span> <span class='ocrx_word' id='word_1_153' title='bbox 384 2551 494 2607; x_wconf 87' lang='lat' dir='ltr'>Aoniae</span> <span class='ocrx_word' id='word_1_154' title='bbox 512 2552 599 2606; x_wconf 90' lang='lat' dir='ltr'>virete</span> <span class='ocrx_word' id='word_1_155' title='bbox 617 2552 712 2623; x_wconf 91' lang='lat' dir='ltr'>silvae,</span> 
     </span>
     <span class='ocr_line' id='line_1_25' title="bbox 255 2637 785 2709; baseline 0 -16"><span class='ocrx_word' id='word_1_156' title='bbox 255 2648 284 2693; x_wconf 92' lang='lat' dir='ltr'>et</span> <span class='ocrx_word' id='word_1_157' title='bbox 301 2638 325 2691; x_wconf 96' lang='lat' dir='ltr'>si</span> <span class='ocrx_word' id='word_1_158' title='bbox 344 2653 401 2707; x_wconf 87' lang='lat' dir='ltr'>qua</span> <span class='ocrx_word' id='word_1_159' title='bbox 420 2646 499 2708; x_wconf 91' lang='lat' dir='ltr'>patet</span> <span class='ocrx_word' id='word_1_160' title='bbox 517 2645 566 2690; x_wconf 92' lang='lat' dir='ltr'>aut</span> <span class='ocrx_word' id='word_1_161' title='bbox 584 2637 661 2692; x_wconf 88' lang='lat' dir='ltr'>diem</span> <span class='ocrx_word' id='word_1_162' title='bbox 680 2640 785 2709; x_wconf 90' lang='lat' dir='ltr'>recepit</span> 
     </span>
     <span class='ocr_line' id='line_1_26' title="bbox 255 2725 780 2795; baseline 0.002 -14"><span class='ocrx_word' id='word_1_163' title='bbox 255 2726 338 2781; x_wconf 90' lang='lat' dir='ltr'>sertis</span> <span class='ocrx_word' id='word_1_164' title='bbox 356 2725 489 2779; x_wconf 88' lang='lat' dir='ltr'>mollibus</span> <span class='ocrx_word' id='word_1_165' title='bbox 508 2725 653 2795; x_wconf 85' lang='lat' dir='ltr'>expleatur</span> <span class='ocrx_word' id='word_1_166' title='bbox 671 2727 780 2782; x_wconf 91' lang='lat' dir='ltr'>umbra.</span> 
     </span>
     <span class='ocr_line' id='line_1_27' title="bbox 255 2811 756 2882; baseline 0 -14"><span class='ocrx_word' id='word_1_167' title='bbox 255 2822 370 2868; x_wconf 89' lang='lat' dir='ltr'>centum</span> <span class='ocrx_word' id='word_1_168' title='bbox 388 2811 557 2882; x_wconf 86' lang='lat' dir='ltr'>Thespiacis</span> <span class='ocrx_word' id='word_1_169' title='bbox 576 2812 666 2866; x_wconf 92' lang='lat' dir='ltr'>odora</span> <span class='ocrx_word' id='word_1_170' title='bbox 683 2813 756 2868; x_wconf 92' lang='lat' dir='ltr'>lucis</span> 
     </span>
     <span class='ocr_line' id='line_1_28' title="bbox 255 2899 798 2972; baseline 0.004 -17"><span class='ocrx_word' id='word_1_171' title='bbox 255 2909 330 2955; x_wconf 90' lang='lat' dir='ltr'>stent</span> <span class='ocrx_word' id='word_1_172' title='bbox 348 2899 449 2953; x_wconf 89' lang='lat' dir='ltr'>altaria</span> <span class='ocrx_word' id='word_1_173' title='bbox 466 2900 654 2971; x_wconf 88' lang='lat' dir='ltr'>victimaeque</span> <span class='ocrx_word' id='word_1_174' title='bbox 673 2912 798 2972; x_wconf 90' lang='lat' dir='ltr'>centum,</span> 
     </span>
     <span class='ocr_line' id='line_1_29' title="bbox 255 2987 846 3059; baseline 0.005 -17"><span class='ocrx_word' id='word_1_175' title='bbox 255 3006 326 3059; x_wconf 89' lang='lat' dir='ltr'>quas</span> <span class='ocrx_word' id='word_1_176' title='bbox 347 2987 433 3042; x_wconf 90' lang='lat' dir='ltr'>Dirce</span> <span class='ocrx_word' id='word_1_177' title='bbox 451 2988 529 3043; x_wconf 90' lang='lat' dir='ltr'>lavat</span> <span class='ocrx_word' id='word_1_178' title='bbox 547 2999 596 3043; x_wconf 92' lang='lat' dir='ltr'>aut</span> <span class='ocrx_word' id='word_1_179' title='bbox 613 2989 664 3044; x_wconf 94' lang='lat' dir='ltr'>alit</span> <span class='ocrx_word' id='word_1_180' title='bbox 683 2991 846 3047; x_wconf 88' lang='lat' dir='ltr'>Cithaeron.</span> 
     </span>
     <span class='ocr_line' id='line_1_30' title="bbox 254 3077 801 3149; baseline 0.002 -17"><span class='ocrx_word' id='word_1_181' title='bbox 254 3079 399 3133; x_wconf 88' lang='lat' dir='ltr'>Lucanum</span> <span class='ocrx_word' id='word_1_182' title='bbox 418 3077 557 3146; x_wconf 90' lang='lat' dir='ltr'>canimus,</span> <span class='ocrx_word' id='word_1_183' title='bbox 575 3077 668 3133; x_wconf 85' lang='lat' dir='ltr'>favete</span> <span class='ocrx_word' id='word_1_184' title='bbox 685 3079 801 3149; x_wconf 84' lang='lat' dir='ltr'>linguis,</span> 
     </span>
     <span class='ocr_line' id='line_1_31' title="bbox 251 3165 820 3238; baseline 0.002 -16"><span class='ocrx_word' id='word_1_185' title='bbox 251 3177 346 3222; x_wconf 92' lang='lat' dir='ltr'>vestra</span> <span class='ocrx_word' id='word_1_186' title='bbox 364 3175 407 3220; x_wconf 92' lang='lat' dir='ltr'>est</span> <span class='ocrx_word' id='word_1_187' title='bbox 425 3166 481 3220; x_wconf 88' lang='lat' dir='ltr'>ista</span> <span class='ocrx_word' id='word_1_188' title='bbox 499 3165 570 3232; x_wconf 88' lang='lat' dir='ltr'>dies,</span> <span class='ocrx_word' id='word_1_189' title='bbox 588 3165 690 3236; x_wconf 82' lang='lat' dir='ltr'>favete,</span> <span class='ocrx_word' id='word_1_190' title='bbox 710 3169 820 3238; x_wconf 90' lang='lat' dir='ltr'>Musae,</span> 
     </span>
     <span class='ocr_line' id='line_1_32' title="bbox 251 3253 861 3326; baseline 0.002 -17"><span class='ocrx_word' id='word_1_191' title='bbox 251 3256 320 3309; x_wconf 92' lang='lat' dir='ltr'>dum</span> <span class='ocrx_word' id='word_1_192' title='bbox 338 3253 387 3324; x_wconf 92' lang='lat' dir='ltr'>qui</span> <span class='ocrx_word' id='word_1_193' title='bbox 405 3270 457 3308; x_wconf 91' lang='lat' dir='ltr'>vos</span> <span class='ocrx_word' id='word_1_194' title='bbox 476 3254 606 3322; x_wconf 88' lang='lat' dir='ltr'>geminas</span> <span class='ocrx_word' id='word_1_195' title='bbox 624 3255 690 3309; x_wconf 91' lang='lat' dir='ltr'>tulit</span> <span class='ocrx_word' id='word_1_196' title='bbox 707 3272 758 3326; x_wconf 91' lang='lat' dir='ltr'>per</span> <span class='ocrx_word' id='word_1_197' title='bbox 776 3266 861 3324; x_wconf 92' lang='lat' dir='ltr'>artes,</span> 
     </span>
     <span class='ocr_line' id='line_1_33' title="bbox 250 3342 780 3414; baseline -0.002 -15"><span class='ocrx_word' id='word_1_198' title='bbox 250 3353 279 3400; x_wconf 91' lang='lat' dir='ltr'>et</span> <span class='ocrx_word' id='word_1_199' title='bbox 297 3342 410 3397; x_wconf 88' lang='lat' dir='ltr'>vinctae</span> <span class='ocrx_word' id='word_1_200' title='bbox 427 3343 502 3413; x_wconf 88' lang='lat' dir='ltr'>pede</span> <span class='ocrx_word' id='word_1_201' title='bbox 519 3343 597 3397; x_wconf 90' lang='lat' dir='ltr'>vocis</span> <span class='ocrx_word' id='word_1_202' title='bbox 616 3352 644 3398; x_wconf 90' lang='lat' dir='ltr'>et</span> <span class='ocrx_word' id='word_1_203' title='bbox 663 3344 780 3414; x_wconf 86' lang='lat' dir='ltr'>solutae,</span> 
     </span>
     <span class='ocr_line' id='line_1_34' title="bbox 254 3428 751 3485; baseline 0.002 -2"><span class='ocrx_word' id='word_1_204' title='bbox 254 3429 377 3484; x_wconf 91' lang='lat' dir='ltr'>Romani</span> <span class='ocrx_word' id='word_1_205' title='bbox 395 3428 496 3484; x_wconf 86' lang='lat' dir='ltr'>colitur</span> <span class='ocrx_word' id='word_1_206' title='bbox 514 3428 592 3483; x_wconf 91' lang='lat' dir='ltr'>chori</span> <span class='ocrx_word' id='word_1_207' title='bbox 611 3430 751 3485; x_wconf 86' lang='lat' dir='ltr'>sacerdos.</span> 
     </span>
    </p>

    <p class='ocr_par' dir='ltr' id='par_1_5' title="bbox 248 3517 910 4288">
     <span class='ocr_line' id='line_1_35' title="bbox 302 3517 806 3587; baseline 0.002 -15"><span class='ocrx_word' id='word_1_208' title='bbox 302 3517 369 3573; x_wconf 80' lang='lat' dir='ltr'>felix</span> <span class='ocrx_word' id='word_1_209' title='bbox 387 3517 442 3572; x_wconf 93' lang='lat' dir='ltr'>heu</span> <span class='ocrx_word' id='word_1_210' title='bbox 461 3517 547 3572; x_wconf 90' lang='lat' dir='ltr'>nimis</span> <span class='ocrx_word' id='word_1_211' title='bbox 566 3527 593 3572; x_wconf 91' lang='lat' dir='ltr'>et</span> <span class='ocrx_word' id='word_1_212' title='bbox 610 3519 697 3573; x_wconf 91' lang='lat' dir='ltr'>beata</span> <span class='ocrx_word' id='word_1_213' title='bbox 714 3520 806 3587; x_wconf 93' lang='lat' dir='ltr'>tellus,</span> 
     </span>
     <span class='ocr_line' id='line_1_36' title="bbox 248 3603 771 3676; baseline 0.004 -17"><span class='ocrx_word' id='word_1_214' title='bbox 248 3622 323 3676; x_wconf 89' lang='lat' dir='ltr'>quae</span> <span class='ocrx_word' id='word_1_215' title='bbox 340 3621 447 3676; x_wconf 91' lang='lat' dir='ltr'>pronos</span> <span class='ocrx_word' id='word_1_216' title='bbox 466 3603 641 3674; x_wconf 87' lang='lat' dir='ltr'>Hyperionis</span> <span class='ocrx_word' id='word_1_217' title='bbox 659 3616 771 3661; x_wconf 89' lang='lat' dir='ltr'>meatus</span> 
     </span>
     <span class='ocr_line' id='line_1_37' title="bbox 251 3689 736 3749; baseline -0.002 0"><span class='ocrx_word' id='word_1_218' title='bbox 251 3695 371 3749; x_wconf 91' lang='lat' dir='ltr'>summis</span> <span class='ocrx_word' id='word_1_219' title='bbox 389 3693 488 3749; x_wconf 89' lang='lat' dir='ltr'>oceani</span> <span class='ocrx_word' id='word_1_220' title='bbox 506 3693 587 3747; x_wconf 89' lang='lat' dir='ltr'>vides</span> <span class='ocrx_word' id='word_1_221' title='bbox 605 3693 634 3747; x_wconf 93' lang='lat' dir='ltr'>in</span> <span class='ocrx_word' id='word_1_222' title='bbox 653 3689 736 3748; x_wconf 88' lang='lat' dir='ltr'>undis</span> 
     </span>
     <span class='ocr_line' id='line_1_38' title="bbox 253 3780 814 3852; baseline 0 -16"><span class='ocrx_word' id='word_1_223' title='bbox 253 3781 460 3851; x_wconf 89' lang='lat' dir='ltr'>stridoremque</span> <span class='ocrx_word' id='word_1_224' title='bbox 479 3790 557 3835; x_wconf 90' lang='lat' dir='ltr'>rotae</span> <span class='ocrx_word' id='word_1_225' title='bbox 576 3780 705 3835; x_wconf 87' lang='lat' dir='ltr'>cadentis</span> <span class='ocrx_word' id='word_1_226' title='bbox 724 3782 814 3852; x_wconf 90' lang='lat' dir='ltr'>audis,</span> 
     </span>
     <span class='ocr_line' id='line_1_39' title="bbox 251 3870 764 3941; baseline 0.002 -17"><span class='ocrx_word' id='word_1_227' title='bbox 251 3887 324 3941; x_wconf 89' lang='lat' dir='ltr'>quae</span> <span class='ocrx_word' id='word_1_228' title='bbox 342 3870 492 3925; x_wconf 84' lang='lat' dir='ltr'>Tritonide</span> <span class='ocrx_word' id='word_1_229' title='bbox 509 3870 615 3924; x_wconf 82' lang='lat' dir='ltr'>fertiles</span> <span class='ocrx_word' id='word_1_230' title='bbox 634 3870 764 3925; x_wconf 89' lang='lat' dir='ltr'>Athenas</span> 
     </span>
     <span class='ocr_line' id='line_1_40' title="bbox 251 3957 800 4028; baseline 0.002 -16"><span class='ocrx_word' id='word_1_231' title='bbox 251 3957 353 4025; x_wconf 88' lang='lat' dir='ltr'>unctis,</span> <span class='ocrx_word' id='word_1_232' title='bbox 373 3958 497 4024; x_wconf 86' lang='lat' dir='ltr'>Baetica,</span> <span class='ocrx_word' id='word_1_233' title='bbox 516 3973 655 4027; x_wconf 91' lang='lat' dir='ltr'>provocas</span> <span class='ocrx_word' id='word_1_234' title='bbox 674 3959 800 4028; x_wconf 92' lang='lat' dir='ltr'>trapetis.</span> 
     </span>
     <span class='ocr_line' id='line_1_41' title="bbox 252 4044 766 4114; baseline -0.004 -14"><span class='ocrx_word' id='word_1_235' title='bbox 252 4047 398 4101; x_wconf 89' lang='lat' dir='ltr'>Lucanum</span> <span class='ocrx_word' id='word_1_236' title='bbox 416 4054 498 4114; x_wconf 89' lang='lat' dir='ltr'>potes</span> <span class='ocrx_word' id='word_1_237' title='bbox 516 4044 647 4113; x_wconf 90' lang='lat' dir='ltr'>inputare</span> <span class='ocrx_word' id='word_1_238' title='bbox 665 4044 766 4110; x_wconf 73' lang='lat' dir='ltr'>terris,</span> 
     </span>
     <span class='ocr_line' id='line_1_42' title="bbox 250 4131 910 4203; baseline 0 -16"><span class='ocrx_word' id='word_1_239' title='bbox 250 4134 305 4189; x_wconf 91' lang='lat' dir='ltr'>hoc</span> <span class='ocrx_word' id='word_1_240' title='bbox 324 4134 388 4203; x_wconf 91' lang='lat' dir='ltr'>plus</span> <span class='ocrx_word' id='word_1_241' title='bbox 406 4148 493 4202; x_wconf 90' lang='lat' dir='ltr'>quam</span> <span class='ocrx_word' id='word_1_242' title='bbox 512 4132 652 4186; x_wconf 90' lang='lat' dir='ltr'>Senecam</span> <span class='ocrx_word' id='word_1_243' title='bbox 671 4131 784 4187; x_wconf 88' lang='lat' dir='ltr'>dedisse</span> <span class='ocrx_word' id='word_1_244' title='bbox 803 4131 910 4187; x_wconf 91' lang='lat' dir='ltr'>mundo</span> 
     </span>
     <span class='ocr_line' id='line_1_43' title="bbox 250 4219 787 4288; baseline -0.002 -13"><span class='ocrx_word' id='word_1_245' title='bbox 250 4229 298 4275; x_wconf 95' lang='lat' dir='ltr'>aut</span> <span class='ocrx_word' id='word_1_246' title='bbox 317 4219 428 4274; x_wconf 90' lang='lat' dir='ltr'>dulcem</span> <span class='ocrx_word' id='word_1_247' title='bbox 446 4235 598 4288; x_wconf 87' lang='lat' dir='ltr'>generasse</span> <span class='ocrx_word' id='word_1_248' title='bbox 618 4219 787 4274; x_wconf 82' lang='lat' dir='ltr'>Gallionem</span> 
     </span>
    </p>
   </div>
   <div class='ocr_carea' id='block_1_5' title="bbox 91 4371 1113 4495">
    <p class='ocr_par' dir='ltr' id='par_1_6' title="bbox 91 4371 1113 4495">
     <span class='ocr_line' id='line_1_44' title="bbox 96 4371 1113 4426; baseline -0.001 -9"><span class='ocrx_word' id='word_1_249' title='bbox 96 4372 100 4383; x_wconf 92' lang='grc'><em>“</em></span> <span class='ocrx_word' id='word_1_250' title='bbox 118 4375 169 4417; x_wconf 85' lang='lat' dir='ltr'>Best</span> <span class='ocrx_word' id='word_1_251' title='bbox 179 4386 210 4417; x_wconf 78' lang='lat' dir='ltr'>us</span> <span class='ocrx_word' id='word_1_252' title='bbox 219 4373 366 4426; x_wconf 75' lang='lat' dir='ltr'>tapprmatav.</span> <span class='ocrx_word' id='word_1_253' title='bbox 394 4371 573 4425; x_wconf 75' lang='lat' dir='ltr'>tepigrammatnl</span> <span class='ocrx_word' id='word_1_254' title='bbox 582 4371 644 4415; x_wconf 75' lang='lat' dir='ltr'>isth·</span> <span class='ocrx_word' id='word_1_255' title='bbox 653 4371 704 4424; x_wconf 82' lang='lat' dir='ltr'>only</span> <span class='ocrx_word' id='word_1_256' title='bbox 712 4371 836 4414; x_wconf 74' lang='lat' dir='ltr'>reasonable</span> <span class='ocrx_word' id='word_1_257' title='bbox 845 4371 982 4414; x_wconf 85' lang='lat' dir='ltr'>emendation</span> <span class='ocrx_word' id='word_1_258' title='bbox 990 4372 1113 4426; x_wconf 67' lang='lat' dir='ltr'>suggested</span> 
     </span>
     <span class='ocr_line' id='line_1_45' title="bbox 91 4442 432 4495; baseline -0.009 -11"><span class='ocrx_word' id='word_1_259' title='bbox 91 4442 100 4468; x_wconf 87' lang='lat'>¹</span> <span class='ocrx_word' id='word_1_260' title='bbox 113 4442 159 4486; x_wconf 81' lang='lat' dir='ltr'>Tac</span> <span class='ocrx_word' id='word_1_261' title='bbox 167 4456 210 4484; x_wconf 82' lang='lat' dir='ltr'>anu</span> <span class='ocrx_word' id='word_1_262' title='bbox 220 4453 265 4484; x_wconf 82' lang='lat' dir='ltr'>xrrr</span> <span class='ocrx_word' id='word_1_263' title='bbox 275 4457 307 4495; x_wconf 77' lang='lat'>4⁴·</span> <span class='ocrx_word' id='word_1_264' title='bbox 317 4442 359 4483; x_wconf 79' lang='lat' dir='ltr'>hist</span> <span class='ocrx_word' id='word_1_265' title='bbox 368 4453 392 4482; x_wconf 80' lang='lat' dir='ltr'>iv</span> <span class='ocrx_word' id='word_1_266' title='bbox 401 4455 432 4492; x_wconf 66' lang='lat'>44</span> 
     </span>
    </p>
   </div>
   <div class='ocr_carea' id='block_1_6' title="bbox 0 0 1378 4884">
    <p class='ocr_par' dir='ltr' id='par_1_7' title="bbox 0 0 1378 4884">
     <span class='ocr_line' id='line_1_46' title="bbox 0 0 1378 4884; baseline 0 1"><span class='ocrx_word' id='word_1_267' title='bbox 0 0 1378 4884; x_wconf 95' lang='lat' dir='ltr'> </span> 
     </span>
    </p>
   </div>
  </div>
 </body>
</html>
