2746 4884
416 339 601 452 LUCANl
635 336 954 412 PHARSALIAE

170 517 270 597 inque
291 514 371 577 toris
395 512 532 576 fratrum
556 521 739 594 posuerunt
762 511 913 575 membra
936 521 1108 576 nocentes:

169 639 253 701 quos
276 620 382 701 agitat
405 638 550 681 uaesana
572 618 666 700 quies
690 618 866 700 somnique
890 617 1036 682 furentes
1048 638 1056 695 ;

168 720 395 784 Thessalicam
420 721 529 784 miseri
553 730 687 784 uersant
709 721 743 784 in
766 729 902 803 pectore
925 741 1083 804 pugnam.
1131 720 1177 801 765

169 826 321 908 inuigilat
343 827 472 889 cunctis
494 845 633 889 saeuom
656 825 773 901 scelus,
795 844 957 906 armaque
979 833 1052 889 tota

169 939 281 994 mente
303 931 441 1012 agitant,
465 930 652 1013 capuloque
675 950 794 994 manus
816 930 957 994 absente
978 939 1154 995 mouentur.

169 1033 370 1115 ingemuisse
393 1042 490 1115 putes
513 1053 651 1116 campos
674 1040 863 1115 terramque
887 1043 1064 1097 nocentem

170 1136 346 1218 inspirasse
369 1137 507 1211 animas,
532 1134 759 1219 iniectumque
781 1156 858 1200 aera
882 1146 993 1200 totum

171 1239 324 1303 manibus
346 1249 380 1303 et
403 1259 557 1322 superam
583 1238 703 1322 Stygia
727 1239 903 1304 formidine
927 1249 1071 1305 noctem
1133 1253 1182 1321 770

171 1345 278 1426 exigit
300 1365 319 1407 a
344 1345 471 1408 miseris
495 1345 606 1408 tristes
628 1345 769 1408 uictoria
792 1364 928 1426 poenas,

169 1449 331 1533 sibilaque
347 1459 388 1533 ‚et
411 1449 563 1513 flammas
587 1449 686 1514 infert
708 1471 827 1532 sopor:
860 1450 982 1513 umbra
1006 1448 1160 1534 perempti

171 1553 252 1616 ciuis
275 1552 391 1616 adest:
420 1574 480 1617 sua
503 1573 671 1636 quemque
693 1553 814 1634 premit
837 1554 972 1617 terroris
996 1553 1115 1636 imago.

171 1655 225 1718 ille
247 1676 364 1719 senum
388 1656 500 1720 uoltus
523 1659 682 1720 iuuenum
706 1659 798 1721 uidet
822 1656 877 1720 ille
900 1656 1045 1740 figuras:
1086 1717 1098 1738 ,

170 1760 258 1824 hunc
280 1763 410 1845 agitant
433 1764 514 1826 totis
536 1763 682 1827 fraterna
704 1763 869 1828 cadauera
891 1764 1041 1827 somnis:
1133 1774 1181 1844 775

170 1875 305 1947 pectore
327 1867 360 1928 in
384 1864 448 1930 hoc
470 1877 566 1949 pater
588 1877 658 1931 est:
689 1886 806 1930 omues
828 1867 862 1930 in
887 1867 1033 1932 Caesare
1054 1885 1166 1931 manes

170 1967 259 2032 haud
283 1968 376 2047 alios,
400 1971 549 2034 nondum
575 1970 735 2053 Scythica
757 1979 918 2054 purgatus
941 1971 975 2035 in
999 1992 1066 2048 ara,

171 2070 396 2136 Eumenidum
421 2073 505 2136 uidit
527 2074 639 2137 uoltus
663 2073 839 2156 Pelopeius
862 2073 1022 2139 Orestes:

171 2197 233 2240 nec
256 2179 362 2260 magis
385 2179 556 2242 adtonitos
579 2179 681 2242 animi
705 2199 837 2243 sensere
860 2180 1037 2256 tumultus,

171 2302 247 2346 cum
271 2281 401 2360 fureret,
425 2282 602 2359 Pentheus,
625 2293 691 2360 aut,
714 2304 790 2347 cum
814 2283 966 2361 desisset,
990 2283 1117 2367 Agaue
1134 2285 1184 2365 780

170 2384 259 2448 hunc
281 2406 397 2449 omnes
419 2385 531 2468 gladii,
554 2407 638 2469 quos
661 2394 719 2448 aut
743 2385 912 2450 Pharsalia
936 2387 1032 2464 uidit,

170 2497 229 2552 aut
251 2489 352 2551 ultrix
376 2491 485 2553 uisura
508 2491 580 2553 dies
599 2491 783 2574 stringente
805 2501 933 2567 senatu,

171 2590 226 2654 illa
249 2600 348 2654 nocte
371 2602 541 2674 premunt:
573 2593 661 2657 hunc
684 2592 788 2657 infera
811 2603 961 2658 monstra
984 2592 1156 2678 flagellant

170 2695 235 2757 heu
258 2706 422 2777 quantum
446 2717 576 2778 poenae
599 2699 720 2761 misero
743 2718 837 2760 mens
861 2698 996 2762 conscia
1019 2699 1127 2774 donat,

170 2801 260 2882 quod
286 2799 403 2882 Styga,
426 2803 516 2883 quod
542 2821 666 2877 manes,
690 2802 886 2884 ingestaque
909 2802 1052 2866 Tartara
1074 2801 1182 2866 somnis

117 3007 172 3070 764.
206 3008 276 3072 quos]
293 3023 326 3057 sc.
340 3016 367 3056 at
382 3025 424 3058 eos.
445 3007 476 3058 cl.
492 3010 554 3058 Hor.
569 3010 621 3060 Sat.
637 3009 667 3059 1i
741 3008 794 3072 776.
828 3010 920 3071 omnes]
949 3010 1050 3076 singuli,
1072 3011 1155 3077 inquit,
1170 3001 1239 3070 angus

85 3072 180 3135 32-36
202 3074 268 3121 sieut
288 3074 396 3137 paruula
417 3090 478 3122 nam
500 3076 607 3138 exemplo
633 3082 668 3123 est
706 3074 838 3123 uidebant:
851 3075 945 3125 Caesar
956 3084 1041 3126 autem
1052 3079 1175 3126 uniuersos
1188 3066 1239 3122 sud

83 3139 171 3201 magni
177 3138 286 3200 formica
297 3140 388 3187 laboris
398 3155 439 3187 ore
452 3141 533 3188 trahit
545 3141 666 3204 quodcun·
741 3140 794 3203 780.
825 3157 881 3188 cum
892 3141 998 3203 desiisset]
1014 3135 1241 3207 sosurernie'lfl

82 3220 129 3268 que
163 3211 218 3252 otest
231 3212 304 3269 atque
320 3206 390 3254 addit
404 3221 489 3254 aceruo
520 3222 575 3254 uem
590 3206 668 3254 struit
707 3204 750 3254 she
762 3205 906 3255 discovered
919 3207 974 3257 that
986 3208 1005 3257 it
1022 3225 1073 3258 was
1088 3209 1131 3258 her
1143 3223 1180 3258 sou
1190 3201 1241 3251 ὼ

82 3270 134 3318 hau
166 3271 256 3334 egrmra
270 3271 474 3319 uenonineauta
482 3222 587 3333 ste'tun':
603 3287 667 3336 quae
705 3270 750 3319 she
771 3271 822 3320 had
844 3271 916 3320 slain.
948 3273 980 3322 ci.
1002 3274 1063 3324 Eur·
1083 3274 1167 3325 Bacch
1183 3280 1242 3329 utv-

83 3336 162 3384 simut
176 3337 302 3384 e'nuersum
325 3337 454 3385 contristat
469 3338 600 3401 Aquarius
620 3353 666 3385 an·
708 3339 779 3398 1285.
1277 3380 1279 3385 .

83 3417 323 3465 numnonusquaru
331 3402 450 3464 prorepit.
475 3402 666 3465 Id.id.41—43
740 3405 794 3465 782.
831 3402 1009 3467 ultrix—dus]
1045 3405 1063 3454 i.
1073 3422 1096 3456 e.
1118 3405 1157 3455 the
1175 3392 1246 3453 llud

83 3467 148 3531 quid
162 3467 236 3514 iuuat
252 3468 400 3514 immensum
417 3474 438 3514 te
454 3468 555 3529 argenti
567 3468 667 3532 pondus
706 3467 794 3517 March
807 3479 856 3516 uc.
868 3488 909 3529 44.

83 3538 104 3579 et
119 3532 181 3579 auri
191 3531 289 3594 furtim
306 3531 397 3594 defensa
417 3533 536 3580 timidum
552 3533 668 3595 deponere
738 3534 873 3597 stringente
897 3534 997 3596 senatu]
1033 3536 1120 3587 ‘when
1140 3537 1177 3587 the
1194 3536 1247 3584 sd

83 3597 171 3644 terra?
187 3597 255 3660 quod
271 3597 295 3645 si
310 3599 463 3645 comminuas
480 3598 554 3646 uilem
572 3599 666 3662 rediga·
706 3598 774 3646 drew
786 3599 940 3647 thesword’.

83 3662 264 3710 turadassene.
741 3665 795 3726 784.
823 3664 910 3725 denas]
923 3665 1067 3729 equivalent
1075 3676 1103 3717 to
1113 3666 1247 3720 munere

115 3727 193 3791 quies]
217 3727 257 3775 i.e.
278 3727 384 3786 dreams,
405 3727 436 3776 cl.
459 3728 523 3777 Stat.
544 3727 625 3777 Theb.
649 3740 668 3776 x
707 3739 788 3793 empts
803 3728 888 3788 lrom’,
904 3730 1022 3795 ‘spares',
1041 3733 1074 3782 cf.
1094 3745 1124 3782 lx
1140 3731 1198 3784 roth
1222 3726 1249 3775 lt

86 3806 132 3854 324
160 3807 262 3855 raesaga
273 3792 348 3855 quies.
708 3803 771 3842 tron.
789 3796 818 3843 18
834 3797 960 3844 contemni
972 3804 1047 3861 turpe
1060 3797 1250 3864 eudemum

118 3800 171 3918 753.
206 3857 335 3920 inuigilat]
352 3857 384 3906 cs.
397 3858 458 3907 Stat.
474 3858 554 3907 Theb.
569 3870 603 3907 111
617 3872 668 3921 4,5
707 3859 846 3922 superbum.
880 3859 936 3909 The
953 3863 1073 3927 meaning
1089 3864 1120 3913 os
1131 3865 1251 3973 therua

84 3923 172 3985 inurge'
180 3929 227 3971 ant
245 3924 331 3971 animo
349 3924 491 3986 scelerisque
505 3925 594 3987 parati
611 3932 668 3988 sup
708 3925 728 3973 is
740 3924 794 3972 that
806 3925 899 3973 Caesar
909 3934 964 3988 gets
979 3927 1018 3976 off
1029 3929 1194 3994 chenplynon

80 3989 188 4051 ple'eium
200 3995 310 4036 exercent
319 4004 400 4037 curae.
709 3989 842 4053 Pompeius
859 3990 880 4038 is
897 3999 938 4052 yet
955 3991 1028 4051 alive,
1046 4009 1075 4042 as
1085 3993 1118 4044 he
1129 3994 1252 4044 villum·

118 4052 173 4115 767.
208 4054 349 4115 mouentur]
377 4055 419 4103 ie.
443 4052 536 4117 feeling
564 4053 602 4103 lor
627 4055 669 4104 the
707 4055 781 4103 suffer
795 4055 831 4103 far
843 4071 921 4104 worse
954 4073 1017 4122 nugs
1032 4058 1061 4107 ol
1072 4053 1252 4110 consumentu

83 4119 173 4167 sword.
195 4118 226 4167 cl.
241 4119 318 4168 Hom.
330 4119 380 4170 Od.
392 4130 422 4168 xl
433 4134 477 4182 53¹
491 4122 571 4180 ξίφεος
583 4119 604 4167 δ’
613 4121 668 4168 ἐπε·
708 4120 750 4169 the
760 4120 836 4169 death
847 4120 876 4168 ol
883 4120 925 4170 the
962 4130 1018 4173 tter.

83 4185 270 4243 μαίετοκώπην.
742 4187 796 4246 785.
830 4185 1081 4249 ingesu1‘thrustu
1117 4207 1133 4240 n
1148 4191 1182 4240 his
1186 4179 1252 4302 m

84 4248 590 4364 assuerunt‘illlum
615 4251 668 4301 ΜΟ
706 4249 1251 4385 ἓὶἳὲἓ-,ῗὶί“·ἷ,ῗξ7ζ,“ῒέῖηέἕῢψ

119 4389 172 4440 770.
207 4381 458 4444 ruperam—noctem]
475 4381 533 4431 ‘the
548 4382 619 4446 night
634 4397 667 4431 on
706 4382 766 4430 huie
774 4381 886 4444 fratrem
903 4383 995 4446 ingeret
1011 4386 1061 4443 etti,
1076 4395 1124 4436 aut
1136 4386 1252 4450 ungu!

85 4442 166 4493 earth’
183 4443 224 4494 i.e.
240 4444 354 4507 infectam
366 4462 419 4495 esse.
704 4455 776 4496 trem.
