2782 5286
89 709 135 772 xiv
512 710 693 772 INTROD
701 709 878 771 UCTION.

143 876 194 947 (2)
233 879 339 934 Lucani
357 880 416 934 vita
434 895 467 934 ex
486 879 692 934 commentario
709 876 930 947 antiquissimol.

144 991 173 1043 M
195 991 330 1045 Annaeus
353 993 484 1046 Lucanus
504 998 614 1061 patrem
632 989 732 1044 habuit
754 990 784 1043 M
806 990 959 1044 Annaeum
978 988 1086 1042 Melam
1105 1005 1138 1041 ex
1155 986 1301 1058 provincia

90 1079 206 1132 Baetica
221 1078 379 1149 Hispaniae
391 1079 530 1134 interioris
544 1078 759 1134 Cordubensem
771 1078 897 1146 equitem
910 1079 984 1131 Rom
997 1077 1134 1131 illustrem
1148 1075 1221 1130 inter
1234 1090 1299 1127 suos

89 1176 187 1219 notum
202 1166 310 1218 Romae
322 1175 350 1220 et
362 1175 477 1236 propter
490 1166 630 1220 Senecam
646 1165 763 1219 fratrem
776 1165 885 1218 clarum
901 1181 952 1234 per
968 1180 1067 1218 omnes
1079 1164 1195 1218 virtutes
1208 1165 1300 1218 virum

88 1262 116 1307 ct
133 1262 248 1322 propter
264 1253 390 1307 studium
406 1253 481 1307 vitae
498 1253 659 1322 quietioris余
678 1253 755 1322 quod
771 1268 892 1321 sequens
909 1252 1000 1321 magis
1017 1268 1035 1305 a
1051 1252 1134 1305 turba
1148 1252 1299 1306 recedebat

88 1342 181 1395 minus
194 1341 307 1394 latebat
345 1349 465 1394 matrem
477 1339 578 1393 habuit
590 1350 619 1394 et
632 1339 755 1409 regionis
768 1339 896 1393 eiusdem
908 1349 936 1394 et
950 1339 1027 1392 urbis
1043 1339 1164 1393 Aciliam
1183 1339 1300 1394 nomine

89 1429 171 1482 Acilii
195 1428 301 1482 Lucani
323 1427 411 1482 filiam
433 1427 552 1481 oratoris
574 1443 677 1497 operae
699 1427 775 1496 apud
795 1427 979 1496 proconsules
1000 1425 1153 1496 frequentis
1173 1435 1202 1481 et
1223 1425 1301 1495 apud

89 1515 261 1569 clarissimos
279 1516 355 1569 viros
374 1531 431 1568 non
450 1514 554 1568 nullius
572 1513 678 1583 ingenii
698 1512 770 1566 adeo
792 1529 849 1566 non
868 1511 1071 1581 improbandus
1089 1520 1120 1566 ut
1139 1511 1168 1565 iu
1187 1511 1301 1580 scriptis

89 1602 230 1671 aliquibus
246 1602 332 1656 hodie
347 1617 460 1672 quoque
476 1601 557 1654 duret
573 1600 633 1654 eius
650 1600 804 1665 memoria3
824 1599 903 1654 cuius
920 1615 1078 1668 cognomen
1095 1598 1161 1653 huic
1178 1597 1302 1651 inditum

90 1698 214 1758 apparet.
261 1699 408 1743 natusest
435 1702 470 1742 111
493 1705 551 1742 non
577 1689 710 1743 Novemb
732 1689 754 1742 C
778 1689 902 1743 Caesare
926 1689 1056 1758 Augusto
1082 1686 1254 1742 Germanico
1278 1699 1301 1740 11

91 1777 114 1828 L
135 1775 274 1830 Caesiano
297 1787 306 1827 1
327 1792 400 1829 coss.
421 1775 472 1828 sed
497 1775 526 1829 in
546 1775 638 1845 patria
658 1792 710 1829 sua
730 1792 787 1829 non
806 1775 894 1830 valuit
915 1776 1049 1843 educari余
1073 1775 1194 1831 fatorum
1216 1777 1302 1832 credo

89 1862 210 1917 decretis
223 1873 253 1917 ut
266 1864 296 1917 id
308 1862 453 1933 ingenium
462 1862 539 1933 quod
551 1863 650 1917 orbem
662 1863 740 1917 fama
749 1862 793 1916 sui
805 1863 986 1935 impleturum
995 1873 1133 1919 cresceret
1145 1864 1173 1917 in
1184 1864 1303 1919 domina

91 1955 188 2008 mundi
206 1954 326 2007 aleretur
341 1954 417 2007 urbe
454 1963 587 2007 octavum
601 1952 678 2007 enim
695 1969 824 2007 mensem
839 1969 927 2021 agens
941 1955 1064 2007 Romam
1079 1952 1232 2007 translatus
1249 1963 1301 2008 est

90 2058 124 2096 ac
144 2059 180 2097 ne
200 2042 297 2111 dispar
317 2051 435 2096 eventus
455 2040 484 2093 in
504 2055 539 2095 eo
561 2051 722 2095 narraretur
742 2041 803 2095 eius
821 2041 870 2111 qui
891 2041 920 2095 in
943 2041 1072 2096 Hesiodo
1090 2040 1215 2108 refertur,
1236 2058 1302 2096 cum

91 2130 187 2199 opinio
208 2141 275 2184 tunc
295 2147 352 2184 non
373 2128 520 2183 dissimilis
539 2138 676 2191 maneret,
698 2146 786 2184 cunas
808 2128 924 2184 infantis
946 2130 1049 2199 quibus
1070 2129 1210 2184 ferebatur
1232 2145 1303 2199 apes

92 2218 327 2271 circumvolarunt
340 2234 428 2287 osque
441 2216 564 2272 insidere
582 2217 751 2287 complures,
765 2227 812 2272 aut
828 2216 940 2271 dulcem
953 2217 1012 2270 iam
1024 2226 1085 2271 tum
1098 2217 1228 2287 spiritum
1241 2217 1303 2272 eius

91 2308 282 2363 inhaurientes
305 2316 354 2361 aut
372 2305 526 2361 secundum
547 2318 576 2362 et
598 2306 711 2376 qualem
732 2323 808 2361 nunc
829 2306 1024 2361 existimamus
1047 2307 1172 2361 futurum
1197 2306 1303 2376 signifi-

91 2403 197 2448 cantes.
233 2392 464 2464 praeceptoribus
480 2403 547 2447 tunc
565 2391 797 2447 eminentissimis
809 2401 851 2446 est
865 2391 990 2447 emditus
1005 2407 1110 2460 eosque
1126 2391 1200 2445 intra
1217 2392 1303 2447 breve

91 2481 225 2552 temporis
238 2481 361 2552 spatium
377 2481 491 2550 ingenio
510 2480 699 2552 adaequavit余
718 2498 777 2535 una
792 2497 859 2535 vero
872 2481 1018 2535 studentes
1035 2478 1176 2550 superavit
1192 2478 1303 2549 prolec-

91 2569 173 2623 tibus.
211 2569 382 2624 declamavit
398 2579 426 2624 et
442 2570 551 2624 Graece
568 2578 596 2623 et
612 2568 712 2623 Latine
725 2586 791 2624 cum
808 2585 914 2638 magna
926 2568 1114 2622 admiratione
1131 2566 1302 2622 audientiae.

92 2656 129 2710 ob
142 2657 218 2727 quod
230 2657 329 2727 puerili
342 2667 452 2713 mutato
465 2657 494 2711 in
507 2657 681 2712 senatorium
693 2658 800 2712 cultum
812 2667 841 2712 et
854 2658 883 2711 in
896 2656 1027 2711 notitiam
1036 2655 1168 2721 Caesaris
1180 2656 1304 2710 Neronis

91 2744 173 2799 facile
186 2745 313 2814 pervenit
329 2754 358 2799 et
374 2745 483 2798 honore
498 2744 614 2798 vixdum
631 2744 717 2799 aetati
738 2744 836 2799 debito
850 2745 953 2812 dignus
970 2744 1110 2801 iudicatus
1126 2757 1178 2802 est.
1215 2749 1305 2817 gessit

91 2841 186 2884 autem
198 2840 380 2900 quaesturam
392 2831 421 2884 in
434 2848 491 2900 qua
500 2846 566 2885 cum
577 2829 693 2899 collegis
703 2847 781 2884 more
792 2840 859 2884 tunc
872 2829 977 2885 usitato
987 2847 1089 2885 munus
1102 2831 1305 2900 gladiatorium

92 2918 181 2973 edidit
194 2917 320 2972 secundo
334 2917 431 2988 populi
448 2918 553 2972 favore.
590 2917 779 2973 sacerdotium
799 2918 886 2972 etiam
905 2919 1015 2988 accepit
1030 2929 1190 2988 auguratus.
1229 2921 1307 2990 equi-

92 3005 158 3060 dem
182 3006 321 3060 hactenus
346 3015 474 3074 tempora
497 3004 598 3059 habuit
623 3005 754 3059 secunda
800 3021 873 3074 quae
897 3015 992 3060 autem
1017 3016 1171 3077 sequuntur
1195 3016 1307 3062 mutata

91 3092 199 3147 invidia
216 3103 245 3147 et
264 3091 329 3146 odio
344 3092 468 3146 Neronis
487 3091 541 3161 ipsi
559 3091 674 3147 exitium
693 3091 857 3146 domesticis
876 3092 983 3146 luctum
998 3093 1188 3148 miserabilem
1204 3095 1306 3151 attule-

92 3189 164 3235 runt.
202 3180 275 3235 inter
292 3181 401 3234 amicos
418 3180 495 3235 enim
512 3179 645 3234 Caesaris
661 3181 740 3250 quod
756 3189 816 3234 tam
832 3181 1001 3250 conspicuus
1020 3180 1100 3237 fieret
1116 3182 1259 3253 profectus
1276 3185 1305 3238 in

91 3267 204 3337 poetica
220 3267 381 3337 frequenter
399 3267 603 3323 offendebatur.
640 3269 745 3338 quippe
763 3278 791 3323 et
810 3269 964 3323 certamine
980 3270 1173 3339 pentaeterico
1189 3280 1256 3325 acto
1276 3272 1304 3326 in

94 3355 221 3426 Pompeii
239 3355 350 3411 theatro
368 3355 472 3410 laureis
487 3356 624 3411 recitante
643 3358 759 3412 Nerone
777 3357 868 3413 fuerat
887 3367 1039 3413 coronatus
1049 3377 1058 3424 余
1077 3367 1105 3413 et
1123 3374 1158 3411 ex
1176 3368 1305 3428 tempore

94 3442 209 3511 Orphea
227 3441 363 3510 scriptum
385 3440 414 3494 in
438 3441 664 3511 experimentum
688 3443 795 3513 ingenii
820 3443 949 3499 ediderat
967 3453 996 3499 et
1018 3454 1076 3500 tres
1098 3444 1187 3498 libros
1205 3445 1305 3516 quales

91 3529 229 3584 videmus.
266 3545 353 3598 quare
374 3528 521 3583 inimicum
542 3529 596 3584 sibi
616 3529 683 3584 fecit
705 3530 905 3600 imperatorem
927 3549 985 3602 quo
1005 3531 1156 3586 ambitiose
1175 3531 1306 3588 imitante

93 3635 151 3672 non
164 3617 311 3670 hominum
323 3625 434 3670 tantum
446 3616 498 3671 sed
511 3625 538 3671 et
551 3617 655 3671 artium
672 3618 726 3672 sibi
741 3619 933 3689 principatum
945 3621 1109 3676 vindicante
1122 3620 1305 3675 interdictum

94 3715 135 3760 est
160 3706 185 3759 ei
210 3704 322 3776 poetica
346 3704 528 3759 interdictum
552 3715 596 3760 est
622 3706 709 3761 etiam
734 3723 885 3761 causarum
912 3707 1080 3763 actionibus.
1118 3708 1173 3762 hoc
1197 3708 1306 3763 factum

94 3792 225 3847 Caesaris
241 3791 356 3847 iuvenili
372 3792 528 3847 aestimans
546 3792 635 3847 animi
651 3795 745 3848 calore
764 3811 938 3865 speransque
957 3795 1095 3852 ultionem
1114 3812 1132 3850 a
1151 3795 1306 3850 coniuratis

93 3882 122 3936 in
141 3881 260 3936 caedem
279 3881 403 3935 Neronis
424 3881 517 3936 socius
538 3891 701 3952 assumptus
721 3892 766 3938 est
786 3884 837 3937 sed
855 3900 956 3954 parum
972 3884 1071 3939 fauste.
1108 3884 1245 3954 deceptus
1263 3895 1306 3940 est

95 3971 171 4026 euim
187 3987 205 4024 a
222 3969 325 4024 Pisone
343 3979 372 4025 et
390 3969 584 4025 consularibus
603 3970 723 4041 aliisque
741 3981 874 4041 praetura
888 3973 1042 4043 perfunctis
1059 3974 1213 4030 illustribus
1229 3977 1304 4032 viris.

95 4060 162 4114 dum
187 4058 343 4112 vindictam
367 4058 471 4128 expetit
496 4058 525 4112 in
547 4069 669 4114 mortem
692 4059 779 4114 irruit.
817 4077 885 4114 nam
909 4078 961 4115 sua
985 4071 1086 4132 sponte
1110 4073 1226 4118 coactus
1248 4065 1306 4119 vita

95 4149 230 4203 excedere
250 4162 338 4201 venas
359 4146 413 4200 sibi
434 4146 573 4216 praecidit
594 4147 731 4218 periitque
752 4148 816 4219 prid
838 4148 885 4204 kal
908 4149 1002 4204 Maias
1023 4151 1119 4205 Attico
1140 4151 1260 4206 Vestino
1279 4161 1307 4207 et

97 4237 192 4288 Nerva
209 4233 325 4302 Syllano
347 4249 411 4287 coss
436 4244 526 4286 xxvn
547 4233 650 4288 aetatis
670 4250 776 4288 annum
793 4251 882 4304 agens
899 4251 957 4289 non
976 4235 1037 4289 sine
1056 4235 1165 4290 iactura
1178 4236 1308 4291 utilitatis

94 4342 160 4379 cum
177 4323 285 4394 patriae
296 4338 370 4392 quae
383 4330 494 4376 tantam
509 4321 659 4377 immature
675 4323 771 4378 amisit
788 4322 914 4379 indolem
930 4332 990 4377 tum
1009 4324 1166 4378 studiorum
1185 4341 1305 4395 quoque.

95 4412 194 4481 reliqui
211 4411 288 4466 enim
306 4422 351 4463 v11
370 4410 437 4464 belli
454 4410 545 4465 civilis
561 4410 626 4464 libri
642 4412 736 4466 locum
756 4412 994 4466 calumniantibus
1011 4422 1158 4482 tamquam
1175 4405 1306 4468 mendo'si

95 4518 153 4555 non
164 4500 272 4554 darent.
309 4499 358 4568 qui
374 4499 489 4553 tametsi
509 4499 563 4553 sub
575 4515 642 4554 vero
659 4499 778 4558 crimine
796 4517 854 4554 non
871 4509 956 4570 egent
974 4500 1131 4570 patrocinio
1148 4500 1184 4554 de
1205 4501 1307 4555 iisdem

95 4589 151 4644 dici
164 4587 240 4659 quod
253 4587 282 4640 in
295 4586 392 4641 Ovidii
404 4586 483 4641 libris
496 4587 699 4657 praescribitur
710 4598 806 4659 potest
819 4588 1037 4645 emendaturus
1050 4590 1075 4644 si
1086 4589 1215 4645 licuisset
1226 4592 1298 4646 erat'

183 4768 190 4797 孫
203 4770 329 4815 Attributed
338 4781 360 4812 to
367 4770 615 4824 vacceagrammarran
624 4773 727 4825 probably
735 4774 759 4815 ot'
766 4773 803 4815 the
811 4774 848 4816 sih
858 4784 954 4826 century.
983 4773 1068 4815 Genthe
1077 4774 1120 4814 and
1130 4773 1222 4816 Teuffel.
