2746 4884
559 315 642 376 STA
648 318 699 376 TI
701 318 754 378 US

301 490 328 537 ct
347 481 394 551 qui
414 497 534 552 corpora
551 482 643 551 prima
660 483 848 553 transfigurat.

301 568 369 638 quid
388 569 480 623 maius
498 568 620 639 loquor?
656 570 719 641 ipsa
737 581 765 624 te
786 573 894 627 Latinis

300 657 405 711 Aeneis
422 658 605 712 venerabitur
623 668 782 714 canentem.

302 759 353 797 nec
372 742 464 797 solum
483 743 559 798 dabo
578 745 713 800 carminis
731 747 862 816 nitorem,

301 831 351 885 sed
369 831 461 885 taedis
479 832 652 901 genitalibus
671 833 774 889 dicabo

302 919 417 975 doctam
435 930 521 991 atque
540 922 654 992 ingenio
673 932 723 978 tuo
741 923 884 994 decoram,

301 1009 413 1079 qualem
432 1008 539 1064 blanda
557 1011 655 1065 Venus
674 1011 809 1080 daretque
831 1013 910 1076 luno,

301 1095 400 1166 forma,
419 1097 611 1168 simplicitate,
631 1101 773 1168 comitate,

301 1201 396 1253 censu,
415 1184 560 1253 sanguine,
579 1186 679 1255 gratia,
699 1187 808 1241 decore

300 1283 329 1329 et
346 1283 455 1328 vestros
473 1275 653 1343 hymenaeon
672 1285 738 1330 ante
757 1285 852 1345 postes

299 1362 378 1417 festis
397 1363 527 1418 cantibus
546 1363 609 1433 ipsa
626 1365 794 1434 personabo.

351 1449 387 1504 ‘o
406 1466 508 1506 saevae
526 1451 646 1505 nimium
664 1468 822 1522 gravesque
841 1453 963 1506 Parcae!

301 1556 318 1593 o
336 1555 492 1609 numquam
511 1540 580 1595 data
596 1541 656 1595 sata
672 1541 759 1611 longa
777 1541 912 1596 summis!

300 1644 350 1683 cur
366 1627 439 1698 plus,
458 1628 555 1697 ardua,
575 1629 688 1684 casibus
706 1629 830 1700 patetis?

300 1730 351 1769 cur
368 1730 455 1770 saeva
472 1715 534 1771 vice
552 1732 659 1785 magna
677 1733 735 1770 non
754 1715 927 1772 senescunt?

303 1803 343 1858 sic
362 1813 461 1858 natum
480 1804 651 1859 Nasamonii
670 1805 811 1861 Tonantis

301 1900 366 1962 post
385 1901 462 1947 ortus
481 1892 633 1964 obitusque
652 1892 817 1949 fulminatos

301 1990 422 2050 angusto
441 1980 571 2050 Babylon
589 1981 692 2051 premit
713 1981 850 2051 sepulcro.

300 2070 341 2124 sic
359 2070 446 2125 fixum
466 2069 576 2124 Paridis
595 2087 683 2125 manu
701 2069 834 2126 trementi

302 2157 419 2213 Peliden
438 2157 538 2212 Thetis
556 2156 664 2213 horruit
683 2157 841 2213 cadentem.

300 2245 340 2300 sic
359 2244 427 2316 ripis
446 2261 499 2315 ego
518 2245 719 2300 murmurantis
739 2245 830 2300 Hebri

299 2349 356 2386 non
374 2341 484 2386 mutum
503 2341 589 2402 caput
609 2333 738 2401 Orpheos
757 2332 902 2403 sequebar.

299 2420 339 2475 sic
358 2428 433 2474 etto
451 2451 486 2459 -
504 2419 596 2474 rabidi
615 2418 695 2475 nefas
713 2420 825 2488 tyranni
837 2421 889 2474 l—

298 2509 391 2563 iussus
409 2507 592 2578 praecipitem
612 2509 706 2564 subire
726 2508 842 2576 Lethen,

299 2597 367 2651 dum
385 2611 496 2666 pugnas
514 2595 594 2650 canis
613 2596 756 2666 arduaque
773 2611 844 2650 voce

298 2684 351 2737 das
369 2682 472 2738 solatia
488 2683 643 2751 grandibus
662 2683 808 2754 sepulcris,

297 2786 315 2824 o
332 2769 425 2824 dirum
443 2769 552 2824 scelus!
579 2787 597 2824 o
616 2770 724 2826 scelus!
750 2767 876 2823 tacebis)

351 2858 392 2913 sic
410 2857 470 2914 fata
487 2867 532 2914 est
549 2857 704 2928 leviterque
722 2856 879 2912 decidentis

298 2947 405 3002 abrasit
423 2947 556 3002 lacrimas
574 2947 683 3003 nitente
701 2947 816 3017 plectro.

351 3044 380 3089 at
398 3043 439 3104 tu,
457 3051 508 3089 seu
526 3034 657 3104 rapidum
675 3033 733 3104 poli
752 3048 802 3104 per
820 3047 902 3087 axem

297 3122 391 3178 lamae
409 3121 537 3177 curribus
556 3121 651 3176 arduis
670 3121 787 3190 levatus,

297 3227 354 3283 qua
372 3220 492 3282 surgunt
509 3211 623 3267 animae
641 3212 824 3281 potentiores,

295 3307 384 3353 terras
402 3297 526 3368 despicis
545 3307 573 3352 et
592 3298 722 3369 sepulcra
739 3297 824 3367 rides,

297 3401 346 3441 seu
365 3385 445 3455 pacis
463 3383 565 3439 merito
583 3401 684 3441 nemus
702 3384 843 3440 reclusum

295 3471 361 3527 felix
379 3471 474 3541 elysiis
493 3481 573 3528 tenes
592 3471 622 3526 iu
641 3471 707 3540 oris,

296 3577 353 3631 quo
372 3559 536 3615 Pharsalica
553 3561 637 3615 turha
655 3568 851 3630 congregatur,

296 3659 324 3705 et
342 3658 371 3704 te
388 3649 484 3705 nobile
502 3664 618 3703 carmen
636 3648 817 3704 insonantem

297 3738 424 3809 Pompeii
443 3737 614 3794 comitantur
632 3747 661 3795 et
679 3740 805 3794 Catones
817 3757 867 3794 :—

295 3836 326 3882 tu
343 3842 449 3896 magna
466 3841 547 3881 sacer
564 3835 593 3882 et
611 3827 749 3895 superbus
767 3827 869 3880 umbra

295 3915 389 3969 noscis
408 3922 533 3969 tartaron
552 3923 580 3969 et
598 3913 697 3983 procul
715 3923 868 3969 nocentum

296 4002 378 4058 audis
395 4004 514 4058 verbera
532 4001 726 4073 pallidumque
744 4002 806 4057 visa

294 4091 393 4147 matris
411 4091 545 4162 lampade
564 4091 680 4161 respicis
700 4092 855 4160 Neronem,
868 4122 904 4130 -

295 4179 373 4234 adsis
390 4179 501 4235 lucidus
519 4189 547 4235 et
565 4188 686 4234 vocante
707 4179 788 4234 Polla

295 4282 391 4334 unum,
410 4281 527 4336 quaeso,
545 4265 621 4320 diem
640 4265 710 4321 deos
728 4264 860 4320 silentum

295 4370 407 4416 exores:
432 4352 504 4414 solet
522 4353 577 4408 hoc
595 4363 692 4434 patere
710 4354 797 4415 limen
