2746 4884
84 303 143 367 168
415 298 601 365 LUCANI
634 293 954 361 PHARSALIAE

168 462 309 528 cernetis
332 470 465 526 nostros
487 461 554 524 iam
577 457 674 542 plebs
698 458 854 522 Romana
875 454 1077 539 triumphos.

169 568 321 634 Caesaris
343 586 387 629 an
410 585 524 629 cursus
547 573 678 627 uestrae
700 563 824 626 sentire
846 560 974 646 putatis
1139 570 1184 639 335

168 674 330 738 damnum
353 692 451 755 posse
474 669 596 755 fugae?
629 668 733 735 ueluti
756 668 785 732 si
807 675 928 733 cuncta
950 665 1120 730 minentur

169 776 307 841 flumina
330 796 414 860 quos
439 775 580 839 miscent
603 772 724 857 pelago
747 771 933 837 subducere
955 770 1078 847 fontes,

171 901 238 944 non
262 880 368 964 magis
391 878 511 943 ablatis
534 897 695 961 nmquam
716 876 934 941 descenderet
955 893 1092 958 aequor,

171 1004 274 1068 quam
298 1004 385 1047 nunc
407 983 533 1060 crescit,
558 982 661 1065 aquis.
707 1001 751 1044 an
772 1001 833 1044 uos
857 986 1032 1043 momenta
1053 975 1165 1061 putatis

173 1087 240 1152 ulla
263 1087 396 1152 dedisse
419 1086 523 1150 mihi?
568 1104 753 1168 numquam
776 1084 823 1148 sic
845 1103 924 1147 cura
946 1084 1086 1148 deorum
1137 1093 1185 1161 340

172 1215 208 1258 se
231 1195 353 1278 premit
376 1203 413 1257 ut
436 1201 568 1257 uestrae
592 1191 691 1254 morti
714 1199 912 1272 uestraeque
934 1185 1036 1251 saluti

174 1298 244 1362 iata
267 1306 397 1362 uacent.
443 1317 618 1381 procerum
641 1305 753 1359 motus
775 1293 859 1358 haec
880 1301 1003 1357 cuncta
1024 1295 1188 1375 sequuntur.

173 1403 357 1467 humanum
381 1403 495 1486 paucis
519 1403 603 1466 uiuit
625 1420 738 1484 genus.
784 1398 873 1462 orbis
898 1395 1019 1461 Hiberi

174 1507 290 1572 horror
312 1518 346 1572 et
369 1506 488 1572 Arctoi
512 1516 627 1571 nostro
650 1506 713 1571 sub
736 1503 872 1569 nomine
894 1501 1002 1579 miles,

176 1611 336 1696 Pompeio
358 1621 447 1676 certe
470 1610 601 1695 sugeres
624 1611 716 1674 duce.
762 1607 857 1671 fortis
881 1607 915 1669 in
938 1604 1042 1670 armis
1140 1611 1184 1682 345

177 1715 349 1780 Caesareis
372 1715 543 1779 Labienus
566 1723 654 1779 erat:
684 1732 773 1777 nunc
794 1712 968 1795 transfuga
991 1710 1067 1776 uilis

176 1840 252 1884 cum
276 1821 360 1884 duce
383 1819 533 1904 praelato
556 1830 661 1884 terras
684 1828 785 1902 atque
807 1837 953 1900 aequora
975 1816 1101 1881 lustrat
1185 1826 1188 1833 '

176 1944 236 1987 nec
260 1924 377 1987 melior
400 1924 481 1988 mihi
504 1932 615 1988 uestra
638 1922 730 1999 fides,
753 1923 780 1986 si
803 1920 892 1985 bella
915 1942 976 1985 nec
1000 1921 1096 1984 hoste

177 2048 237 2092 nec
260 2029 345 2093 duce
368 2049 422 2092 me
443 2030 566 2112 geritis
612 2027 762 2111 quisquis
786 2046 860 2090 mea
883 2026 980 2109 signa
1001 2022 1156 2109 relinquit,

178 2151 238 2195 nec
262 2132 474 2215 Pompeianis
497 2133 601 2196 tradit
623 2153 683 2196 sua
705 2131 856 2216 partibus
878 2149 981 2205 arma,
1144 2136 1191 2207 350

178 2233 232 2298 hic
255 2255 439 2319 numquam
462 2235 534 2300 uolt
556 2257 629 2300 esse
652 2256 755 2299 meus.
800 2243 880 2299 sunt
902 2233 968 2298 ista
990 2231 1137 2316 prolecto

177 2360 276 2404 curae
297 2350 407 2404 castra
430 2342 510 2418 deis,
534 2341 592 2423 qui
615 2361 670 2404 me
692 2341 903 2404 committere
924 2338 1031 2403 tantis

178 2463 244 2507 non
269 2444 331 2507 nisi
355 2453 486 2508 mutato
510 2443 687 2509 uoluerunt
710 2444 815 2508 milite
838 2442 942 2508 bellis.

178 2547 243 2611 heu
266 2558 430 2632 quantum
455 2550 604 2614 Fortuna
627 2550 749 2613 umeris
772 2550 839 2612 iam
862 2548 1011 2631 pondere
1035 2547 1128 2612 sessis

180 2652 337 2717 amolitur
360 2675 452 2718 onus,
497 2655 661 2737 sperantis
684 2653 798 2717 omnia
821 2654 961 2717 dextras
1149 2660 1195 2731 355

179 2779 353 2821 exarmare
377 2758 477 2822 datur
498 2760 619 2841 quibus
642 2758 696 2821 hic
720 2778 786 2821 non
810 2757 930 2820 sufficit
954 2754 1052 2819 orbis

180 2862 246 2925 iam
271 2870 359 2925 certe
382 2860 463 2924 mihi
486 2861 574 2925 bella
597 2880 730 2944 geram:
763 2859 922 2924 discedite
945 2859 1072 2936 castris

180 2965 301 3028 tradite
325 2972 438 3028 nostra
461 2965 539 3028 uiris
564 2965 675 3046 ignaui
699 2964 796 3047 signa
819 2961 974 3045 Quirites.

93 3165 197 3264 aditis
219 3150 435 3265 il‘lisfwi'm]
458 3151 499 3200 re.
528 3166 562 3200 ¹¹⁰
589 3150 677 3215 ¹⁰¹¹&
717 3147 1069 3276 p‘e‘ei'edlimais’til2⁶ir
1109 3210 1230 3264 uranu

127 3294 181 3343 335.
199 3252 205 3274 ’
217 3253 315 3342 cursus]
329 3231 426 3330 ‘gebreer
436 3281 465 3329 os
473 3281 588 3331 success’.
718 3230 828 3331 tral4a1ld
839 3280 900 3345 fight
913 3295 946 3329 on
958 3249 1057 3330 neither
1068 3230 1131 3330 side.
1220 3338 1225 3350 ⁸

128 3360 181 3408 337.
218 3347 357 3408 snbdusere]
370 3347 534 3396 ‘withdraw'.
751 3360 807 3410 350.
826 3342 1230 3407 nec...rradir]‘wirhouttranssuu

128 3414 183 3473 338.
220 3427 271 3460 nan
283 3412 373 3475 magis]
391 3414 437 3460 ‘no
452 3428 521 3461 more
537 3412 620 3461 would
636 3412 679 3462 the
752 3428 808 3476 351.
829 3412 979 3476 numquam]
991 3412 1034 3462 i-e.
1047 3429 1095 3463 nec
1105 3419 1160 3478 post
1170 3409 1230 3459 uina

94 3477 156 3525 sea‘s
174 3477 238 3525 level
257 3477 313 3525 sink
333 3478 366 3540 by
378 3477 419 3526 the
438 3478 548 3526 removal
567 3477 596 3526 os
609 3477 679 3526 these
720 3484 881 3542 reportatam.
916 3477 1010 3526 Weise.

94 3550 190 3601 waters‚
214 3542 274 3590 than
292 3543 311 3590 it
328 3558 386 3591 now
403 3543 482 3600 rises',
506 3544 547 3592 ie.
565 3544 599 3606 by
614 3543 680 3592 their
752 3543 811 3604 ista]
825 3543 886 3592 ‘this
897 3559 972 3606 camp
983 3542 1110 3603 nimine',
1124 3541 1155 3592 el.
1166 3553 1228 3604 134²·

93 3607 179 3655 influx.
210 3608 278 3657 Oud.
294 3608 365 3656 reads
376 3608 515 3656 duresceret
526 3608 591 3657 from
601 3611 679 3657 decre·
752 3624 807 3671 355.
843 3608 975 3669 annlitur]
1012 3608 1081 3659 Oud.
1096 3603 1230 3659 chelandia

94 3672 161 3721 uerit
174 3673 257 3722 which
273 3674 294 3721 is
309 3673 385 3721 found
401 3673 427 3721 in
443 3689 513 3722 some
528 3674 621 3723 MSS.:
637 3674 680 3723 the
720 3673 805 3722 Rufin.
818 3686 897 3737 11454
908 3675 1029 3739 tellusque
1039 3667 1230 3740 nesandnmand

94 3738 168 3787 latter
178 3738 199 3786 is
211 3739 334 3802 probably
345 3754 377 3787 an
393 3739 556 3803 explanatory
567 3740 635 3803 gloss
646 3755 679 3788 on
718 3754 788 3788 anns.

94 3803 250 3852 descenderit.
751 3804 825 3865 anus]
837 3805 878 3854 i.e.
890 3804 933 3854 the
945 3804 1044 3855 burden
1055 3805 1086 3856 ol
1093 3805 1174 3871 trying
1183 3811 1230 3853 ton

128 3884 184 3931 341.
218 3869 353 3934 repremit]
366 3874 465 3932 ‘stoops
476 3885 505 3917 so
517 3869 587 3918 low’.
719 3870 762 3919 the
775 3871 908 3919 insatiable
920 3878 1044 3921 veterans.

126 3949 182 3998 342.
216 3935 314 3994 uacent]
326 3935 357 3983 cs.
370 3942 430 3983 note
442 3950 474 3982 on
487 3946 528 3982 vn
543 3933 598 3984 206.
753 3935 808 3998 356.
844 3952 893 3984 narr
905 3936 1230 4003 sufficr'lorbr's1cf.Jnv.xl

126 4016 182 4063 543.
211 4002 310 4064 paucr's]
324 3999 372 4048 ‘sor
385 4000 427 4049 the
439 3999 530 4049 benefit
544 4000 573 4049 os
581 3999 676 4050 afew’.
753 4015 808 4063 357.
846 4001 1043 4062 milrr]sc.mihi
1055 3998 1230 4057 soli.nonuobi

93 4065 200 4127 cl.145.
754 4069 809 4129 358.
849 4067 969 4128 marrata]
992 4067 1022 4117 ci.
1052 4069 1123 4119 Suet.
1148 4069 1195 4134 Jul
1214 4079 1230 4131 7⁴

126 4146 183 4193 344.
207 4130 305 4191 lrarror]
320 4130 374 4179 ‘the
386 4140 465 4179 terror
476 4131 505 4179 os
513 4131 556 4181 the
569 4130 680 4196 Spanish
719 4148 773 4180 nna
793 4149 849 4181 nore
867 4149 917 4197 quo
939 4134 1052 4194 Quim'tes
1071 4151 1108 4184 eos
1122 4143 1171 4200 pra
1189 4132 1230 4183 nil

93 4196 143 4243 and
159 4196 202 4243 the
217 4197 335 4245 northern
354 4196 430 4244 world
439 4196 453 4243 ⁹.
473 4196 504 4246 cl.
527 4197 626 4246 Lucret.
647 4209 679 4245 111
720 4199 857 4261 appellarat
872 4205 924 4246 tam
934 4198 1016 4260 facile
1032 4200 1179 4265 circumegit
1191 4204 1230 4264 a)

96 4273 155 4322 1047
174 4262 299 4325 Scipiades
317 4262 375 4310 balli
387 4262 490 4324 fulmen
508 4263 680 4328 Karthaginis
721 4270 750 4311 ut
763 4264 787 4312 ei
802 4264 890 4311 milites
904 4279 953 4312 esse
965 4264 1092 4328 confestim
1108 4266 1230 4332 respondam

92 4325 187 4375 lrorror.
719 4329 838 4393 quamuis
847 4336 999 4378 recusantem
1009 4331 1079 4381 ultro
1090 4333 1121 4380 r'n
1133 4333 1230 4396 Asn'can

126 4403 181 4456 347.
216 4393 275 4440 duce
287 4392 411 4458 praelato]
429 4393 484 4445 ‘the
502 4392 570 4444 chief
583 4393 616 4444 he
633 4393 679 4444 has
718 4396 800 4444 securi.
838 4395 1217 4464 Tac-Ann.142‚anprid
