2746 4884
130 331 167 370 xx
552 318 916 380 INTRODUCTION.

131 487 240 549 septem
255 481 353 549 prirnis
365 482 494 537 versibus
510 482 579 537 nihil
595 483 672 538 aliud
689 500 775 553 quarn
792 484 864 538 bella
876 485 947 554 plus
962 501 1050 555 quam
1066 485 1170 539 civilia
1189 485 1285 556 interp
1305 526 1306 529 η

131 575 207 621 tatus
224 577 276 622 est.
314 566 401 639 nu[nc
416 567 483 640 hoc]
498 571 613 640 replicet
630 581 699 640 quot
717 571 883 626 sententiis?
920 573 1021 642 iusque
1036 573 1137 627 datum
1154 573 1272 627 sceleri:
1296 595 1317 620 »ι

131 655 272 710 sententia
296 666 346 712 est.
384 659 415 711 in
436 675 490 711 sua
514 659 630 713 uictrici
651 675 819 712 conversum
844 660 969 716 viscera:
995 660 1052 714 iarn
1077 661 1150 716 haec
1176 661 1270 715 altera
1292 670 1338 717 est.

130 748 319 812 cognatasque
335 745 422 797 acies:
441 743 523 799 tertia
539 745 610 798 haec
627 745 687 800 erit.
725 746 756 798 in
774 762 919 800 commum
935 747 1035 817 nefas:
1053 756 1187 817 quartam
1203 755 1338 804 numerat.

132 830 296 901 infestisque
312 831 394 885 obvia
409 833 512 902 signa:
530 831 677 902 [appel]lat
697 849 809 903 quoque
828 833 964 903 quintam.
1001 835 1094 904 signis
1107 838 1195 904 pares
1212 836 1339 906 aquilas:

131 926 211 971 sexta
226 918 297 972 haec
318 919 450 973 Herculis
467 936 609 973 aerumna.
647 925 675 973 et
685 921 752 990 pila
770 920 914 974 minantia
926 919 1016 990 pilis:
1034 921 1172 991 septima;
1191 921 1229 977 de
1247 921 1339 977 Aiacis

132 1015 212 1060 scuto
229 1004 344 1060 corium.
382 1008 507 1074 Annaeo,
527 1007 590 1076 quis
610 1007 673 1061 finis
692 1008 762 1062 erit?
798 1018 847 1063 aut
864 1009 887 1063 si
904 1009 998 1064 nullus
1014 1009 1079 1063 finis
1095 1025 1148 1064 nec
1165 1010 1272 1065 modus
1288 1027 1339 1066 ser·

132 1094 243 1149 vandus
262 1104 314 1161 est,
335 1105 389 1166 φιτ
404 1113 462 1149 non
479 1095 561 1150 addis
578 1102 606 1150 et
621 1096 729 1150 similes
744 1096 852 1151 lituos?
888 1096 979 1151 addas
996 1096 1063 1153 licet
1082 1102 1110 1151 et
1127 1099 1262 1152 carmina
1278 1102 1338 1152 nm

133 1181 273 1235 iubarum.
312 1183 362 1237 sed
382 1193 409 1236 et
428 1182 530 1236 loricas
547 1193 574 1237 et
593 1199 681 1237 conos
698 1192 726 1237 et
744 1199 827 1237 enses
846 1192 874 1236 et
891 1183 1001 1238 balteos
1018 1191 1046 1238 et
1063 1200 1178 1239 ornnem
1198 1198 1339 1239 armorum

133 1269 335 1338 supellectilem
354 1286 479 1339 sequere.

186 1388 212 1440 A
225 1388 297 1455 truly
309 1387 465 1442 admirable
482 1389 562 1456 piece
579 1388 611 1442 oi
624 1388 732 1442 critical
749 1387 869 1457 raillery‚
882 1388 992 1456 worthy
1004 1387 1036 1441 oi
1051 1387 1137 1442 Swiit.
1176 1387 1241 1442 'ibe
1260 1387 1341 1442 inter·

132 1474 241 1543 change
254 1474 286 1529 oi
294 1477 377 1545 signo
391 1475 446 1529 and
459 1476 552 1544 signis
565 1475 589 1529 is
602 1474 706 1543 clearly
718 1492 735 1528 a
748 1475 941 1529 transcriber’s
954 1473 1080 1529 blunder.

186 1677 236 1748 (8)
274 1678 405 1733 Caesaris
424 1676 447 1748 [i
457 1676 626 1748 Domitiani]
645 1677 681 1733 de
698 1677 779 1731 libris
800 1677 914 1732 Lucani.
952 1676 1112 1747 [Baehrens
1127 1688 1158 1730 1v
1175 1675 1239 1747 110]

346 1784 475 1849 Mantua,
493 1782 530 1835 da
549 1782 669 1848 veniam,
687 1781 764 1835 sarna
782 1790 896 1836 sacrata
913 1781 1046 1850 perenni:

379 1866 477 1920 sitias
496 1866 674 1920 Thessaliam
693 1875 759 1936 post
779 1867 925 1921 Simoenta
942 1866 1006 1935 legi.

186 2029 271 2083 Riese
295 2029 393 2083 anthol
414 2027 474 2095 668,
501 2029 645 2084 Baehrens
670 2041 689 2081 v
714 2045 732 2098 p
754 2029 813 2097 386.
852 2028 967 2099 epitaph
993 2044 1029 2082 on
1055 2029 1159 2084 Lucan.
1190 2029 1276 2098 (from
1301 2040 1340 2083 trs

132 2134 196 2173 saec
216 2116 270 2185 rx.)

309 2204 443 2258 Corduba
460 2221 507 2259 me
525 2205 630 2275 genuit,
649 2205 741 2275 rapuit
761 2207 846 2273 Nero,
867 2205 974 2276 proelia
992 2205 1049 2260 dixi

344 2308 416 2361 quae
434 2308 546 2361 gessere
564 2309 647 2362 pares
665 2292 731 2347 hinc
750 2309 837 2362 gener
854 2292 920 2347 inde
939 2309 1026 2348 socer.

309 2381 443 2434 continuo
462 2397 617 2451 numquam
636 2381 724 2436 direxi
744 2380 870 2435 carmina
888 2381 973 2435 ductu

344 2484 416 2537 quae
434 2468 547 2535 tractim
566 2478 694 2538 serpant:
715 2470 778 2539 plus
796 2469 865 2522 mihi
884 2486 997 2524 comma
1014 2470 1115 2539 placet.

309 2554 433 2610 fulminis
452 2556 481 2609 in
499 2573 607 2610 rnorem
626 2573 701 2626 quae
720 2557 776 2610 sint
794 2556 924 2611 miranda
942 2530 1089 2621 εἱῐεῃῑιπξ

343 2644 414 2700 haec
433 2662 497 2700 vere
516 2647 607 2716 sapiet
624 2646 719 2712 dictio,
737 2663 810 2716 quae
828 2645 914 2701 feriet.

185 2777 247 2831 The
267 2777 326 2830 first
342 2777 454 2846 couplet
469 2776 493 2829 is
514 2775 649 2844 certainly
670 2792 737 2844 very
753 2774 883 2841 ancient;
906 2776 955 2831 the
971 2775 1030 2830 first
1046 2774 1103 2830 line
1122 2775 1147 2829 is
1165 2773 1194 2828 in
1213 2791 1232 2830 a
1250 2787 1293 2831 ras
1310 2777 1343 2832 oi

132 2864 180 2917 the
204 2862 299 2932 eighth
325 2872 449 2931 century.
490 2861 628 2917 Whether
648 2863 697 2917 the
718 2863 808 2917 whole
830 2863 854 2916 is
876 2861 908 2915 oi
929 2862 977 2916 the
998 2877 1078 2915 same
1098 2860 1164 2915 date
1186 2861 1240 2916 has
1264 2863 1338 2920 been

132 2950 263 3020 disputed
277 2949 402 3018 [Genthe
418 2967 456 3020 pp
470 2947 577 3020 32-3]‚
594 2950 644 3005 but
661 2951 682 3005 it
699 2967 791 3006 seems
809 2969 872 3005 now
886 2950 1030 3021 generally
1047 2950 1168 3020 thought
1184 2949 1248 3005 that
1266 2952 1288 3007 it
1305 2952 1338 3008 is.

134 3039 218 3094 Lines
234 3052 299 3090 1-2
317 3054 364 3091 are
381 3054 418 3090 an
435 3037 574 3092 imitation
592 3037 624 3092 of
633 3038 680 3093 the
693 3040 807 3110 epitaph
821 3057 857 3094 on
870 3040 966 3108 Vergil
978 3041 1106 3094 Mantua
1119 3056 1162 3092 me
1169 3042 1278 3111 genuit
1285 3050 1338 3099 etc.

132 3129 173 3181 As
186 3144 204 3181 a
216 3125 388 3196 description
401 3125 434 3179 os
444 3126 562 3181 Lucan's
575 3127 646 3195 style
659 3126 730 3182 lines
744 3130 813 3197 3—6
826 3145 874 3184 are
885 3128 968 3198 good.
